<?xml version="1.0" encoding="UTF-8"?>
<!DOCTYPE html PUBLIC "-//W3C//DTD XHTML 1.0 Transitional//EN"
    "http://www.w3.org/TR/xhtml1/DTD/xhtml1-transitional.dtd">
<html xmlns="http://www.w3.org/1999/xhtml" xml:lang="en" lang="en">
 <head>
  <title>
</title>
<meta http-equiv="Content-Type" content="text/html;charset=utf-8" />
  <meta name='ocr-system' content='tesseract 3.04.00' />
  <meta name='ocr-capabilities' content='ocr_page ocr_carea ocr_par ocr_line ocrx_word'/>
</head>
<body>
  <div class='ocr_page' id='page_1' title='image "4769592_0014.png"; bbox 0 0 2546 3184; ppageno 0'>
   <div class='ocr_carea' id='block_1_1' title="bbox 1272 124 1304 169">
    <p class='ocr_par' dir='ltr' id='par_1_1' title="bbox 1272 124 1304 169">
     <span class='ocr_line' id='line_1_1' title="bbox 1272 124 1304 169; baseline 0 0"><span class='ocrx_word' id='word_1_1' title='bbox 1272 124 1304 169; x_wconf 87' lang='lat'>6</span> 
     </span>
    </p>
   </div>
   <div class='ocr_carea' id='block_1_2' title="bbox 1167 189 1402 196">
    <p class='ocr_par' dir='ltr' id='par_1_2' title="bbox 1167 189 1402 196">
     <span class='ocr_line' id='line_1_2' title="bbox 1167 189 1402 196; baseline 0 2988"><span class='ocrx_word' id='word_1_2' title='bbox 1167 189 1402 196; x_wconf 95' lang='lat' dir='ltr'><strong> </strong></span> 
     </span>
    </p>
   </div>
   <div class='ocr_carea' id='block_1_3' title="bbox 303 255 2252 962">
    <p class='ocr_par' dir='ltr' id='par_1_3' title="bbox 303 255 2252 962">
     <span class='ocr_line' id='line_1_3' title="bbox 311 255 2252 311; baseline 0.002 -7"><span class='ocrx_word' id='word_1_3' title='bbox 311 258 573 304; x_wconf 86' lang='lat' dir='ltr'><strong>Parmenidis</strong></span> <span class='ocrx_word' id='word_1_4' title='bbox 618 272 742 302; x_wconf 91' lang='lat' dir='ltr'><strong>unum</strong></span> <span class='ocrx_word' id='word_1_5' title='bbox 785 260 1026 303; x_wconf 89' lang='lat' dir='ltr'><strong>continuum</strong></span> <span class='ocrx_word' id='word_1_6' title='bbox 1064 258 1177 303; x_wconf 84' lang='lat' dir='ltr'><strong>Esse</strong></span> <span class='ocrx_word' id='word_1_7' title='bbox 1218 257 1451 302; x_wconf 85' lang='lat' dir='ltr'><strong>defendere</strong></span> <span class='ocrx_word' id='word_1_8' title='bbox 1490 256 1652 300; x_wconf 80' lang='lat' dir='ltr'><strong>studuit</strong></span> <span class='ocrx_word' id='word_1_9' title='bbox 1687 255 1741 311; x_wconf 83' lang='lat'><strong>⁶).</strong></span> <span class='ocrx_word' id='word_1_10' title='bbox 1818 256 1924 301; x_wconf 87' lang='lat' dir='ltr'><strong>Item</strong></span> <span class='ocrx_word' id='word_1_11' title='bbox 1961 263 2007 301; x_wconf 93' lang='lat' dir='ltr'><strong>et</strong></span> <span class='ocrx_word' id='word_1_12' title='bbox 2034 258 2164 307; x_wconf 85' lang='lat' dir='ltr'><strong>Plato</strong></span> <span class='ocrx_word' id='word_1_13' title='bbox 2207 270 2252 309; x_wconf 90' lang='lat' dir='ltr'><strong>et</strong></span> 
     </span>
     <span class='ocr_line' id='line_1_4' title="bbox 310 337 2251 396; baseline 0 -13"><span class='ocrx_word' id='word_1_14' title='bbox 310 340 580 383; x_wconf 80' lang='lat' dir='ltr'><strong>Xenocrates</strong></span> <span class='ocrx_word' id='word_1_15' title='bbox 610 343 846 382; x_wconf 89' lang='lat' dir='ltr'><strong>sumserant</strong></span> <span class='ocrx_word' id='word_1_16' title='bbox 884 353 968 382; x_wconf 92' lang='lat' dir='ltr'><strong>non</strong></span> <span class='ocrx_word' id='word_1_17' title='bbox 999 339 1130 396; x_wconf 88' lang='lat' dir='ltr'><strong>plana</strong></span> <span class='ocrx_word' id='word_1_18' title='bbox 1157 342 1315 381; x_wconf 89' lang='lat' dir='ltr'><strong>tantum</strong></span> <span class='ocrx_word' id='word_1_19' title='bbox 1340 337 1584 391; x_wconf 86' lang='lat' dir='ltr'><strong>individua,</strong></span> <span class='ocrx_word' id='word_1_20' title='bbox 1615 337 1695 381; x_wconf 91' lang='lat' dir='ltr'><strong>sed</strong></span> <span class='ocrx_word' id='word_1_21' title='bbox 1725 338 1850 381; x_wconf 85' lang='lat' dir='ltr'><strong>etiam</strong></span> <span class='ocrx_word' id='word_1_22' title='bbox 1879 337 2014 382; x_wconf 84' lang='lat' dir='ltr'><strong>lineas</strong></span> <span class='ocrx_word' id='word_1_23' title='bbox 2047 339 2098 394; x_wconf 84' lang='lat'><strong>⁷).</strong></span> <span class='ocrx_word' id='word_1_24' title='bbox 2158 343 2251 387; x_wconf 82' lang='lat' dir='ltr'><strong>Has</strong></span> 
     </span>
     <span class='ocr_line' id='line_1_5' title="bbox 309 415 2249 477; baseline 0.003 -17"><span class='ocrx_word' id='word_1_25' title='bbox 309 420 493 476; x_wconf 86' lang='lat' dir='ltr'>inprimis</span> <span class='ocrx_word' id='word_1_26' title='bbox 522 418 701 462; x_wconf 89' lang='lat' dir='ltr'><strong>aliorum</strong></span> <span class='ocrx_word' id='word_1_27' title='bbox 730 418 1078 477; x_wconf 86' lang='lat' dir='ltr'><strong>philosophorum</strong></span> <span class='ocrx_word' id='word_1_28' title='bbox 1108 415 1162 459; x_wconf 89' lang='lat' dir='ltr'><strong>de</strong></span> <span class='ocrx_word' id='word_1_29' title='bbox 1191 418 1391 460; x_wconf 86' lang='lat' dir='ltr'><strong>continuo</strong></span> <span class='ocrx_word' id='word_1_30' title='bbox 1419 418 1651 460; x_wconf 85' lang='lat' dir='ltr'><strong>sententias</strong></span> <span class='ocrx_word' id='word_1_31' title='bbox 1682 431 1804 473; x_wconf 89' lang='lat' dir='ltr'><strong>quum</strong></span> <span class='ocrx_word' id='word_1_32' title='bbox 1833 421 2048 476; x_wconf 73' lang='lat' dir='ltr'><strong>spectavit</strong></span> <span class='ocrx_word' id='word_1_33' title='bbox 2063 419 2125 475; x_wconf 58' lang='grc' dir='ltr'><strong>Β),</strong></span> <span class='ocrx_word' id='word_1_34' title='bbox 2152 428 2249 477; x_wconf 90' lang='lat' dir='ltr'><strong>tum,</strong></span> 
     </span>
     <span class='ocr_line' id='line_1_6' title="bbox 308 493 2248 559; baseline 0.003 -19"><span class='ocrx_word' id='word_1_35' title='bbox 308 503 354 540; x_wconf 92' lang='lat' dir='ltr'><strong>ut</strong></span> <span class='ocrx_word' id='word_1_36' title='bbox 379 493 473 554; x_wconf 87' lang='lat' dir='ltr'><strong>ejus</strong></span> <span class='ocrx_word' id='word_1_37' title='bbox 504 511 596 541; x_wconf 87' lang='lat' dir='ltr'><strong>mos</strong></span> <span class='ocrx_word' id='word_1_38' title='bbox 626 502 716 552; x_wconf 89' lang='lat' dir='ltr'><strong>est,</strong></span> <span class='ocrx_word' id='word_1_39' title='bbox 741 498 1023 543; x_wconf 85' lang='lat' dir='ltr'><strong>reconciliare</strong></span> <span class='ocrx_word' id='word_1_40' title='bbox 1053 497 1161 540; x_wconf 89' lang='lat' dir='ltr'><strong>inter</strong></span> <span class='ocrx_word' id='word_1_41' title='bbox 1186 509 1235 539; x_wconf 90' lang='lat' dir='ltr'><strong>se</strong></span> <span class='ocrx_word' id='word_1_42' title='bbox 1265 495 1428 539; x_wconf 83' lang='lat' dir='ltr'><strong>studuit</strong></span> <span class='ocrx_word' id='word_1_43' title='bbox 1460 496 1736 541; x_wconf 88' lang='lat' dir='ltr'><strong>Aristoteles.</strong></span> <span class='ocrx_word' id='word_1_44' title='bbox 1797 496 1896 541; x_wconf 85' lang='lat' dir='ltr'><strong>Jam</strong></span> <span class='ocrx_word' id='word_1_45' title='bbox 1926 512 2034 544; x_wconf 84' lang='lat' dir='ltr'><strong>vero</strong></span> <span class='ocrx_word' id='word_1_46' title='bbox 2066 504 2160 559; x_wconf 87' lang='lat' dir='ltr'><strong>ejus</strong></span> <span class='ocrx_word' id='word_1_47' title='bbox 2192 502 2248 548; x_wconf 92' lang='lat' dir='ltr'><strong>de</strong></span> 
     </span>
     <span class='ocr_line' id='line_1_7' title="bbox 307 576 2247 640; baseline 0.002 -18"><span class='ocrx_word' id='word_1_48' title='bbox 307 579 507 622; x_wconf 83' lang='lat' dir='ltr'><strong>continuo</strong></span> <span class='ocrx_word' id='word_1_49' title='bbox 553 577 789 622; x_wconf 84' lang='lat' dir='ltr'><strong>doctrinam</strong></span> <span class='ocrx_word' id='word_1_50' title='bbox 830 589 1046 637; x_wconf 82' lang='lat' dir='ltr'><strong>exponere</strong></span> <span class='ocrx_word' id='word_1_51' title='bbox 1084 577 1350 619; x_wconf 86' lang='lat' dir='ltr'><strong>instituentes</strong></span> <span class='ocrx_word' id='word_1_52' title='bbox 1380 578 1569 634; x_wconf 86' lang='lat' dir='ltr'><strong>vestigia</strong></span> <span class='ocrx_word' id='word_1_53' title='bbox 1605 576 1887 635; x_wconf 86' lang='lat' dir='ltr'><strong>Physicorum</strong></span> <span class='ocrx_word' id='word_1_54' title='bbox 1916 578 2117 624; x_wconf 89' lang='lat' dir='ltr'><strong>librorum</strong></span> <span class='ocrx_word' id='word_1_55' title='bbox 2147 597 2247 640; x_wconf 89' lang='lat' dir='ltr'><strong>pre-</strong></span> 
     </span>
     <span class='ocr_line' id='line_1_8' title="bbox 305 644 2246 718; baseline 0.002 -17"><span class='ocrx_word' id='word_1_56' title='bbox 305 673 482 711; x_wconf 79' lang='lat' dir='ltr'><strong>mamuS‚</strong></span> <span class='ocrx_word' id='word_1_57' title='bbox 510 661 551 701; x_wconf 89' lang='lat' dir='ltr'><strong>in</strong></span> <span class='ocrx_word' id='word_1_58' title='bbox 577 644 727 715; x_wconf 85' lang='lat' dir='ltr'><strong>quibus</strong></span> <span class='ocrx_word' id='word_1_59' title='bbox 757 657 1063 717; x_wconf 85' lang='lat' dir='ltr'><strong>posterioribus</strong></span> <span class='ocrx_word' id='word_1_60' title='bbox 1088 657 1352 700; x_wconf 89' lang='lat' dir='ltr'><strong>Aristoteles</strong></span> <span class='ocrx_word' id='word_1_61' title='bbox 1384 656 1439 700; x_wconf 90' lang='lat' dir='ltr'><strong>de</strong></span> <span class='ocrx_word' id='word_1_62' title='bbox 1468 663 1582 700; x_wconf 91' lang='lat' dir='ltr'><strong>motu</strong></span> <span class='ocrx_word' id='word_1_63' title='bbox 1613 672 1746 715; x_wconf 84' lang='lat' dir='ltr'><strong>agens</strong></span> <span class='ocrx_word' id='word_1_64' title='bbox 1776 663 1962 701; x_wconf 92' lang='lat' dir='ltr'><strong>nostrum</strong></span> <span class='ocrx_word' id='word_1_65' title='bbox 1992 674 2158 718; x_wconf 90' lang='lat' dir='ltr'><strong>quoque</strong></span> <span class='ocrx_word' id='word_1_66' title='bbox 2190 665 2246 708; x_wconf 91' lang='lat' dir='ltr'><strong>de</strong></span> 
     </span>
     <span class='ocr_line' id='line_1_9' title="bbox 305 737 2245 798; baseline 0.003 -15"><span class='ocrx_word' id='word_1_67' title='bbox 305 743 505 783; x_wconf 83' lang='lat' dir='ltr'><strong>continuo</strong></span> <span class='ocrx_word' id='word_1_68' title='bbox 538 740 681 783; x_wconf 84' lang='lat' dir='ltr'><strong>locum</strong></span> <span class='ocrx_word' id='word_1_69' title='bbox 711 740 913 798; x_wconf 86' lang='lat' dir='ltr'><strong>explicat.</strong></span> <span class='ocrx_word' id='word_1_70' title='bbox 971 738 1021 779; x_wconf 93' lang='grc' dir='ltr'><strong>Ι11</strong></span> <span class='ocrx_word' id='word_1_71' title='bbox 1047 737 1356 795; x_wconf 84' lang='lat' dir='ltr'><strong>perlustrandis</strong></span> <span class='ocrx_word' id='word_1_72' title='bbox 1390 743 1528 782; x_wconf 85' lang='lat' dir='ltr'><strong>autem</strong></span> <span class='ocrx_word' id='word_1_73' title='bbox 1557 739 1838 797; x_wconf 82' lang='lat' dir='ltr'><strong>Physieorum</strong></span> <span class='ocrx_word' id='word_1_74' title='bbox 1873 740 1993 783; x_wconf 90' lang='lat' dir='ltr'><strong>libris</strong></span> <span class='ocrx_word' id='word_1_75' title='bbox 2025 745 2168 797; x_wconf 88' lang='lat' dir='ltr'><strong>quinto</strong></span> <span class='ocrx_word' id='word_1_76' title='bbox 2200 751 2245 789; x_wconf 90' lang='lat' dir='ltr'><strong>et</strong></span> 
     </span>
     <span class='ocr_line' id='line_1_10' title="bbox 304 819 2244 879; baseline 0.003 -18"><span class='ocrx_word' id='word_1_77' title='bbox 304 826 431 863; x_wconf 89' lang='lat' dir='ltr'><strong>sexto</strong></span> <span class='ocrx_word' id='word_1_78' title='bbox 476 820 532 863; x_wconf 90' lang='lat' dir='ltr'><strong>de</strong></span> <span class='ocrx_word' id='word_1_79' title='bbox 582 821 708 864; x_wconf 90' lang='lat' dir='ltr'><strong>lineis</strong></span> <span class='ocrx_word' id='word_1_80' title='bbox 751 820 1045 863; x_wconf 83' lang='lat' dir='ltr'><strong>insorabilibus</strong></span> <span class='ocrx_word' id='word_1_81' title='bbox 1087 819 1279 860; x_wconf 92' lang='lat' dir='ltr'><strong>libellum</strong></span> <span class='ocrx_word' id='word_1_82' title='bbox 1319 820 1595 876; x_wconf 85' lang='lat' dir='ltr'><strong>singularem,</strong></span> <span class='ocrx_word' id='word_1_83' title='bbox 1648 821 1720 862; x_wconf 89' lang='lat' dir='ltr'><strong>ubi</strong></span> <span class='ocrx_word' id='word_1_84' title='bbox 1761 835 1832 864; x_wconf 88' lang='lat' dir='ltr'><strong>res</strong></span> <span class='ocrx_word' id='word_1_85' title='bbox 1870 822 2082 879; x_wconf 89' lang='lat' dir='ltr'><strong>postulat,</strong></span> <span class='ocrx_word' id='word_1_86' title='bbox 2125 830 2244 879; x_wconf 85' lang='lat' dir='ltr'><strong>quasi</strong></span> 
     </span>
     <span class='ocr_line' id='line_1_11' title="bbox 303 899 2243 962; baseline 0.004 -20"><span class='ocrx_word' id='word_1_87' title='bbox 303 903 637 957; x_wconf 83' lang='lat' dir='ltr'><strong>interponamus,</strong></span> <span class='ocrx_word' id='word_1_88' title='bbox 688 914 769 944; x_wconf 85' lang='lat' dir='ltr'><strong>neo</strong></span> <span class='ocrx_word' id='word_1_89' title='bbox 808 901 1058 958; x_wconf 82' lang='lat' dir='ltr'><strong>paucissima</strong></span> <span class='ocrx_word' id='word_1_90' title='bbox 1101 912 1158 941; x_wconf 85' lang='lat' dir='ltr'><strong>ex</strong></span> <span class='ocrx_word' id='word_1_91' title='bbox 1203 899 1300 940; x_wconf 87' lang='lat' dir='ltr'><strong>aliis</strong></span> <span class='ocrx_word' id='word_1_92' title='bbox 1356 902 1482 942; x_wconf 90' lang='lat' dir='ltr'><strong>etiam</strong></span> <span class='ocrx_word' id='word_1_93' title='bbox 1526 899 1646 942; x_wconf 90' lang='lat' dir='ltr'><strong>libris</strong></span> <span class='ocrx_word' id='word_1_94' title='bbox 1690 900 1968 945; x_wconf 90' lang='lat' dir='ltr'><strong>Aristoteleis</strong></span> <span class='ocrx_word' id='word_1_95' title='bbox 2009 902 2243 962; x_wconf 82' lang='lat' dir='ltr'><strong>decerpere</strong></span> 
     </span>
    </p>
   </div>
   <div class='ocr_carea' id='block_1_4' title="bbox 254 963 592 1037">
    <p class='ocr_par' dir='ltr' id='par_1_4' title="bbox 254 963 592 1037">
     <span class='ocr_line' id='line_1_12' title="bbox 254 963 592 1037; baseline 0 -14"><span class='ocrx_word' id='word_1_96' title='bbox 254 963 256 966; x_wconf 29' lang='grc'><strong>”</strong></span> <span class='ocrx_word' id='word_1_97' title='bbox 303 981 592 1037; x_wconf 84' lang='lat' dir='ltr'><strong>dedignemur.</strong></span> 
     </span>
    </p>
   </div>
   <div class='ocr_carea' id='block_1_5' title="bbox 299 1196 2239 1309">
    <p class='ocr_par' dir='ltr' id='par_1_5' title="bbox 299 1196 2239 1309">
     <span class='ocr_line' id='line_1_13' title="bbox 400 1196 2239 1249; baseline 0.001 -14"><span class='ocrx_word' id='word_1_98' title='bbox 400 1198 435 1243; x_wconf 70' lang='grc' dir='ltr'><strong>ὁ)</strong></span> <span class='ocrx_word' id='word_1_99' title='bbox 460 1199 574 1247; x_wconf 82' lang='lat' dir='ltr'><strong>Vide,</strong></span> <span class='ocrx_word' id='word_1_100' title='bbox 597 1210 695 1247; x_wconf 82' lang='lat' dir='ltr'><strong>quae</strong></span> <span class='ocrx_word' id='word_1_101' title='bbox 715 1200 880 1248; x_wconf 88' lang='lat' dir='ltr'><strong>leguntur</strong></span> <span class='ocrx_word' id='word_1_102' title='bbox 901 1196 996 1244; x_wconf 83' lang='lat' dir='ltr'><strong>apud</strong></span> <span class='ocrx_word' id='word_1_103' title='bbox 1017 1197 1172 1232; x_wconf 85' lang='lat' dir='ltr'><strong>Brandis</strong></span> <span class='ocrx_word' id='word_1_104' title='bbox 1193 1197 1356 1233; x_wconf 87' lang='lat' dir='ltr'><strong>Historia</strong></span> <span class='ocrx_word' id='word_1_105' title='bbox 1376 1196 1627 1244; x_wconf 83' lang='lat' dir='ltr'><strong>philosophiae</strong></span> <span class='ocrx_word' id='word_1_106' title='bbox 1649 1196 2022 1236; x_wconf 81' lang='lat' dir='ltr'><strong>Graeco-Romanae</strong></span> <span class='ocrx_word' id='word_1_107' title='bbox 2045 1211 2131 1249; x_wconf 83' lang='lat' dir='ltr'><strong>pag.</strong></span> <span class='ocrx_word' id='word_1_108' title='bbox 2155 1203 2239 1239; x_wconf 86' lang='lat'><strong>410.</strong></span> 
     </span>
     <span class='ocr_line' id='line_1_14' title="bbox 299 1256 1815 1309; baseline -0.001 -12"><span class='ocrx_word' id='word_1_109' title='bbox 299 1272 380 1309; x_wconf 87' lang='lat' dir='ltr'><strong>sqq.</strong></span> <span class='ocrx_word' id='word_1_110' title='bbox 408 1266 445 1297; x_wconf 86' lang='lat' dir='ltr'><strong>et</strong></span> <span class='ocrx_word' id='word_1_111' title='bbox 466 1259 564 1308; x_wconf 84' lang='lat' dir='ltr'><strong>apud</strong></span> <span class='ocrx_word' id='word_1_112' title='bbox 589 1258 711 1296; x_wconf 80' lang='lat' dir='ltr'><strong>Ritter</strong></span> <span class='ocrx_word' id='word_1_113' title='bbox 736 1264 775 1296; x_wconf 86' lang='lat' dir='ltr'><strong>et</strong></span> <span class='ocrx_word' id='word_1_114' title='bbox 798 1258 934 1295; x_wconf 88' lang='lat' dir='ltr'><strong>Preller</strong></span> <span class='ocrx_word' id='word_1_115' title='bbox 957 1258 1120 1294; x_wconf 83' lang='lat' dir='ltr'><strong>Historia</strong></span> <span class='ocrx_word' id='word_1_116' title='bbox 1144 1258 1276 1305; x_wconf 90' lang='lat' dir='ltr'><strong>philos.</strong></span> <span class='ocrx_word' id='word_1_117' title='bbox 1304 1256 1626 1296; x_wconf 80' lang='lat' dir='ltr'><strong>Graeco-Roman.</strong></span> <span class='ocrx_word' id='word_1_118' title='bbox 1652 1258 1702 1294; x_wconf 95' lang='lat' dir='ltr'><strong>N.</strong></span> <span class='ocrx_word' id='word_1_119' title='bbox 1732 1258 1815 1296; x_wconf 84' lang='lat'><strong>156.</strong></span> 
     </span>
    </p>
   </div>
   <div class='ocr_carea' id='block_1_6' title="bbox 296 1346 2239 1638">
    <p class='ocr_par' dir='ltr' id='par_1_6' title="bbox 296 1346 2239 1638">
     <span class='ocr_line' id='line_1_15' title="bbox 403 1346 2238 1398; baseline 0.003 -13"><span class='ocrx_word' id='word_1_120' title='bbox 403 1352 434 1393; x_wconf 91' lang='lat'><strong>⁷)</strong></span> <span class='ocrx_word' id='word_1_121' title='bbox 460 1350 555 1385; x_wconf 84' lang='lat' dir='ltr'><strong>Met.</strong></span> <span class='ocrx_word' id='word_1_122' title='bbox 586 1351 617 1398; x_wconf 83' lang='lat'><strong>1,</strong></span> <span class='ocrx_word' id='word_1_123' title='bbox 642 1351 679 1386; x_wconf 84' lang='lat'><strong>9.</strong></span> <span class='ocrx_word' id='word_1_124' title='bbox 732 1350 848 1394; x_wconf 78' lang='grc' dir='ltr'><strong><em>τούτῳ</em></strong></span> <span class='ocrx_word' id='word_1_125' title='bbox 878 1352 940 1395; x_wconf 75' lang='grc' dir='ltr'><strong>μὲν</strong></span> <span class='ocrx_word' id='word_1_126' title='bbox 972 1346 1036 1385; x_wconf 71' lang='grc' dir='ltr'><strong>οὖν</strong></span> <span class='ocrx_word' id='word_1_127' title='bbox 1063 1349 1114 1393; x_wconf 79' lang='grc' dir='ltr'><strong>τῷ</strong></span> <span class='ocrx_word' id='word_1_128' title='bbox 1140 1353 1230 1396; x_wconf 75' lang='grc' dir='ltr'><strong><em>γένει</em></strong></span> <span class='ocrx_word' id='word_1_129' title='bbox 1263 1352 1358 1391; x_wconf 80' lang='grc' dir='ltr'>(ταῖς</span> <span class='ocrx_word' id='word_1_130' title='bbox 1391 1352 1568 1396; x_wconf 76' lang='grc' dir='ltr'>στιγμαῖς)</span> <span class='ocrx_word' id='word_1_131' title='bbox 1596 1353 1654 1385; x_wconf 68' lang='grc' dir='ltr'><strong>καὶ</strong></span> <span class='ocrx_word' id='word_1_132' title='bbox 1681 1350 1864 1398; x_wconf 78' lang='grc' dir='ltr'><em>διεμάχετο</em></span> <span class='ocrx_word' id='word_1_133' title='bbox 1897 1352 2126 1389; x_wconf 72' lang='grc' dir='ltr'><strong><em>Πλάτων....</em></strong></span> <span class='ocrx_word' id='word_1_134' title='bbox 2162 1355 2238 1391; x_wconf 77' lang='grc' dir='ltr'><strong>ἀλλ’</strong></span> 
     </span>
     <span class='ocr_line' id='line_1_16' title="bbox 300 1408 2238 1462; baseline 0.002 -15"><span class='ocrx_word' id='word_1_135' title='bbox 300 1411 417 1448; x_wconf 77' lang='grc' dir='ltr'><strong><em>ἐκάλει</em></strong></span> <span class='ocrx_word' id='word_1_136' title='bbox 452 1410 563 1458; x_wconf 71' lang='grc' dir='ltr'><em>ἀρχήν</em></span> <span class='ocrx_word' id='word_1_137' title='bbox 592 1411 771 1458; x_wconf 77' lang='grc' dir='ltr'><em>γραμμῆς,</em></span> <span class='ocrx_word' id='word_1_138' title='bbox 802 1410 909 1447; x_wconf 75' lang='grc' dir='ltr'><strong><em>τοῦτο</em></strong></span> <span class='ocrx_word' id='word_1_139' title='bbox 947 1412 985 1446; x_wconf 75' lang='grc' dir='ltr'><strong>δὲ</strong></span> <span class='ocrx_word' id='word_1_140' title='bbox 1022 1409 1195 1452; x_wconf 76' lang='grc' dir='ltr'><strong><em>πολλάκις</em></strong></span> <span class='ocrx_word' id='word_1_141' title='bbox 1226 1412 1340 1447; x_wconf 76' lang='grc' dir='ltr'><strong><em>ἐτίθει</em></strong></span> <span class='ocrx_word' id='word_1_142' title='bbox 1365 1408 1429 1452; x_wconf 80' lang='grc' dir='ltr'><strong>τοὶς</strong></span> <span class='ocrx_word' id='word_1_143' title='bbox 1454 1408 1610 1456; x_wconf 75' lang='grc' dir='ltr'><strong><em>ἀτόμους</em></strong></span> <span class='ocrx_word' id='word_1_144' title='bbox 1636 1410 1806 1457; x_wconf 79' lang='grc' dir='ltr'><em>γραμμάς.</em></span> <span class='ocrx_word' id='word_1_145' title='bbox 1855 1411 1965 1449; x_wconf 86' lang='lat' dir='ltr'><strong>Alex.</strong></span> <span class='ocrx_word' id='word_1_146' title='bbox 1992 1412 2039 1449; x_wconf 81' lang='lat' dir='ltr'><strong>ad</strong></span> <span class='ocrx_word' id='word_1_147' title='bbox 2064 1412 2099 1449; x_wconf 91' lang='lat' dir='ltr'><strong>h.</strong></span> <span class='ocrx_word' id='word_1_148' title='bbox 2124 1414 2146 1450; x_wconf 90' lang='lat' dir='ltr'><strong>l.</strong></span> <span class='ocrx_word' id='word_1_149' title='bbox 2181 1425 2238 1462; x_wconf 80' lang='lat' dir='ltr'><strong>ap.</strong></span> 
     </span>
     <span class='ocr_line' id='line_1_17' title="bbox 297 1469 2239 1521; baseline 0.003 -16"><span class='ocrx_word' id='word_1_150' title='bbox 297 1470 431 1506; x_wconf 85' lang='lat' dir='ltr'><strong>Brand.</strong></span> <span class='ocrx_word' id='word_1_151' title='bbox 458 1469 597 1506; x_wconf 86' lang='lat' dir='ltr'><strong>Scholl.</strong></span> <span class='ocrx_word' id='word_1_152' title='bbox 622 1481 658 1516; x_wconf 88' lang='lat' dir='ltr'><strong>p.</strong></span> <span class='ocrx_word' id='word_1_153' title='bbox 685 1470 770 1506; x_wconf 81' lang='lat'><strong>581.</strong></span> <span class='ocrx_word' id='word_1_154' title='bbox 833 1474 963 1516; x_wconf 82' lang='grc' dir='ltr'><strong><em>ἱστορεῖ</em></strong></span> <span class='ocrx_word' id='word_1_155' title='bbox 985 1472 1023 1505; x_wconf 80' lang='grc' dir='ltr'><strong>δὲ</strong></span> <span class='ocrx_word' id='word_1_156' title='bbox 1050 1470 1098 1511; x_wconf 82' lang='grc' dir='ltr'><strong>ὠς</strong></span> <span class='ocrx_word' id='word_1_157' title='bbox 1125 1474 1183 1505; x_wconf 78' lang='grc' dir='ltr'><strong>καὶ</strong></span> <span class='ocrx_word' id='word_1_158' title='bbox 1208 1469 1416 1511; x_wconf 76' lang='grc' dir='ltr'><strong><em>Πλάτωνος,</em></strong></span> <span class='ocrx_word' id='word_1_159' title='bbox 1445 1469 1486 1505; x_wconf 80' lang='grc' dir='ltr'><strong>οὐ</strong></span> <span class='ocrx_word' id='word_1_160' title='bbox 1520 1469 1628 1514; x_wconf 71' lang='grc' dir='ltr'><strong><em>μόνον</em></strong></span> <span class='ocrx_word' id='word_1_161' title='bbox 1655 1470 1913 1517; x_wconf 71' lang='grc' dir='ltr'><strong><em>Ξενοκράτους,</em></strong></span> <span class='ocrx_word' id='word_1_162' title='bbox 1948 1472 2105 1518; x_wconf 82' lang='grc' dir='ltr'><strong><em>ἀτόμους</em></strong></span> <span class='ocrx_word' id='word_1_163' title='bbox 2132 1489 2239 1521; x_wconf 75' lang='grc' dir='ltr'><em>γραμ-</em></span> 
     </span>
     <span class='ocr_line' id='line_1_18' title="bbox 296 1528 2238 1581; baseline 0.003 -15"><span class='ocrx_word' id='word_1_164' title='bbox 296 1531 365 1577; x_wconf 79' lang='grc' dir='ltr'><strong><em>μοὶς</em></strong></span> <span class='ocrx_word' id='word_1_165' title='bbox 388 1535 581 1577; x_wconf 72' lang='grc' dir='ltr'><strong><em>τιθεμένου</em></strong></span> <span class='ocrx_word' id='word_1_166' title='bbox 609 1545 639 1566; x_wconf 87' lang='grc' dir='ltr'><strong>κ.</strong></span> <span class='ocrx_word' id='word_1_167' title='bbox 667 1545 698 1566; x_wconf 81' lang='grc' dir='ltr'><strong>τ.</strong></span> <span class='ocrx_word' id='word_1_168' title='bbox 727 1532 757 1566; x_wconf 82' lang='grc' dir='ltr'><strong>λ.</strong></span> <span class='ocrx_word' id='word_1_169' title='bbox 810 1528 856 1565; x_wconf 80' lang='lat' dir='ltr'><strong>de</strong></span> <span class='ocrx_word' id='word_1_170' title='bbox 883 1528 976 1566; x_wconf 85' lang='lat' dir='ltr'><strong>Gen.</strong></span> <span class='ocrx_word' id='word_1_171' title='bbox 1003 1533 1042 1565; x_wconf 86' lang='lat' dir='ltr'><strong>et</strong></span> <span class='ocrx_word' id='word_1_172' title='bbox 1066 1528 1168 1565; x_wconf 85' lang='lat' dir='ltr'><strong>Corr.</strong></span> <span class='ocrx_word' id='word_1_173' title='bbox 1196 1530 1227 1577; x_wconf 77' lang='grc' dir='ltr'><strong>Ι,</strong></span> <span class='ocrx_word' id='word_1_174' title='bbox 1253 1530 1289 1565; x_wconf 75' lang='grc'><strong>2.</strong></span> <span class='ocrx_word' id='word_1_175' title='bbox 1316 1534 1374 1565; x_wconf 70' lang='grc' dir='ltr'><strong>καὶ</strong></span> <span class='ocrx_word' id='word_1_176' title='bbox 1406 1529 1511 1565; x_wconf 76' lang='grc' dir='ltr'><strong><em>πάλιν</em></strong></span> <span class='ocrx_word' id='word_1_177' title='bbox 1538 1532 1572 1565; x_wconf 76' lang='grc' dir='ltr'><strong>εἰ</strong></span> <span class='ocrx_word' id='word_1_178' title='bbox 1593 1533 1730 1577; x_wconf 78' lang='grc' dir='ltr'><em>μεγέθη</em></span> <span class='ocrx_word' id='word_1_179' title='bbox 1764 1531 1906 1578; x_wconf 77' lang='grc' dir='ltr'>(πρῶτα</span> <span class='ocrx_word' id='word_1_180' title='bbox 1933 1532 2146 1581; x_wconf 73' lang='grc' dir='ltr'><strong><em>ὑπάρχουσι)</em></strong></span> <span class='ocrx_word' id='word_1_181' title='bbox 2173 1535 2238 1572; x_wconf 81' lang='grc' dir='ltr'><strong>πό-</strong></span> 
     </span>
     <span class='ocr_line' id='line_1_19' title="bbox 297 1587 2237 1638; baseline 0.002 -10"><span class='ocrx_word' id='word_1_182' title='bbox 297 1605 417 1638; x_wconf 81' lang='grc' dir='ltr'><strong><em>τερον,</em></strong></span> <span class='ocrx_word' id='word_1_183' title='bbox 446 1592 494 1632; x_wconf 81' lang='grc' dir='ltr'><strong>ὡς</strong></span> <span class='ocrx_word' id='word_1_184' title='bbox 520 1590 745 1637; x_wconf 81' lang='grc' dir='ltr'><strong><em>Δημόκριτος</em></strong></span> <span class='ocrx_word' id='word_1_185' title='bbox 770 1595 827 1626; x_wconf 72' lang='grc' dir='ltr'><strong>καὶ</strong></span> <span class='ocrx_word' id='word_1_186' title='bbox 852 1590 1077 1633; x_wconf 77' lang='grc' dir='ltr'><strong><em>Λεύκιππος,</em></strong></span> <span class='ocrx_word' id='word_1_187' title='bbox 1106 1590 1252 1635; x_wconf 80' lang='grc' dir='ltr'><em>σώματα</em></span> <span class='ocrx_word' id='word_1_188' title='bbox 1278 1589 1374 1626; x_wconf 78' lang='grc' dir='ltr'><strong><em>ταῦτ’</em></strong></span> <span class='ocrx_word' id='word_1_189' title='bbox 1405 1592 1519 1633; x_wconf 79' lang='grc' dir='ltr'><strong><em>ἐστίν,</em></strong></span> <span class='ocrx_word' id='word_1_190' title='bbox 1547 1587 1592 1636; x_wconf 75' lang='grc' dir='ltr'><strong>ἢ,</strong></span> <span class='ocrx_word' id='word_1_191' title='bbox 1618 1589 1734 1637; x_wconf 79' lang='grc' dir='ltr'><strong><em>ὥσπερ</em></strong></span> <span class='ocrx_word' id='word_1_192' title='bbox 1761 1594 1797 1626; x_wconf 73' lang='grc' dir='ltr'><strong>ἐν</strong></span> <span class='ocrx_word' id='word_1_193' title='bbox 1822 1590 1873 1635; x_wconf 78' lang='grc' dir='ltr'><strong>τῷ</strong></span> <span class='ocrx_word' id='word_1_194' title='bbox 1908 1594 2052 1638; x_wconf 87' lang='grc' dir='ltr'><strong><em>Τιμαίῳ,</em></strong></span> <span class='ocrx_word' id='word_1_195' title='bbox 2080 1598 2237 1631; x_wconf 75' lang='grc' dir='ltr'><strong><em>ἐπίπεδα.</em></strong></span> 
     </span>
    </p>
   </div>
   <div class='ocr_carea' id='block_1_7' title="bbox 295 1648 2186 1702">
    <p class='ocr_par' dir='ltr' id='par_1_7' title="bbox 295 1648 2186 1702">
     <span class='ocr_line' id='line_1_20' title="bbox 295 1648 2186 1702; baseline 0.002 -16"><span class='ocrx_word' id='word_1_196' title='bbox 295 1650 372 1687; x_wconf 88' lang='lat' dir='ltr'><strong>Sed</strong></span> <span class='ocrx_word' id='word_1_197' title='bbox 399 1651 445 1687; x_wconf 86' lang='lat' dir='ltr'><strong>cs.</strong></span> <span class='ocrx_word' id='word_1_198' title='bbox 472 1649 593 1686; x_wconf 86' lang='lat' dir='ltr'><strong>Ritter</strong></span> <span class='ocrx_word' id='word_1_199' title='bbox 621 1655 658 1685; x_wconf 88' lang='lat' dir='ltr'><strong>et</strong></span> <span class='ocrx_word' id='word_1_200' title='bbox 682 1650 820 1686; x_wconf 89' lang='lat' dir='ltr'><strong>Preller</strong></span> <span class='ocrx_word' id='word_1_201' title='bbox 843 1650 888 1686; x_wconf 88' lang='lat' dir='ltr'><strong>H.</strong></span> <span class='ocrx_word' id='word_1_202' title='bbox 915 1650 957 1684; x_wconf 91' lang='lat' dir='ltr'><strong>P.</strong></span> <span class='ocrx_word' id='word_1_203' title='bbox 984 1648 1031 1686; x_wconf 87' lang='lat' dir='ltr'><strong>G.</strong></span> <span class='ocrx_word' id='word_1_204' title='bbox 1058 1649 1105 1686; x_wconf 90' lang='lat' dir='ltr'><strong>R.</strong></span> <span class='ocrx_word' id='word_1_205' title='bbox 1132 1650 1182 1685; x_wconf 91' lang='lat' dir='ltr'><strong>N.</strong></span> <span class='ocrx_word' id='word_1_206' title='bbox 1209 1648 1295 1686; x_wconf 73' lang='lat'><strong>290.</strong></span> <span class='ocrx_word' id='word_1_207' title='bbox 1336 1654 1373 1685; x_wconf 91' lang='lat' dir='ltr'><strong>et</strong></span> <span class='ocrx_word' id='word_1_208' title='bbox 1399 1650 1542 1696; x_wconf 79' lang='lat' dir='ltr'><strong>Asclep.</strong></span> <span class='ocrx_word' id='word_1_209' title='bbox 1563 1649 1599 1685; x_wconf 89' lang='lat' dir='ltr'><strong>in</strong></span> <span class='ocrx_word' id='word_1_210' title='bbox 1624 1648 1755 1686; x_wconf 85' lang='lat' dir='ltr'><strong>Brand.</strong></span> <span class='ocrx_word' id='word_1_211' title='bbox 1782 1649 1918 1687; x_wconf 91' lang='lat' dir='ltr'><strong>Scholl.</strong></span> <span class='ocrx_word' id='word_1_212' title='bbox 1943 1662 2031 1701; x_wconf 83' lang='lat' dir='ltr'><strong>pag.</strong></span> <span class='ocrx_word' id='word_1_213' title='bbox 2049 1653 2136 1702; x_wconf 74' lang='lat'><strong>582,</strong></span> <span class='ocrx_word' id='word_1_214' title='bbox 2154 1665 2186 1690; x_wconf 87' lang='lat' dir='ltr'><strong>a.</strong></span> 
     </span>
    </p>
   </div>
   <div class='ocr_carea' id='block_1_8' title="bbox 294 1738 2237 1849">
    <p class='ocr_par' dir='ltr' id='par_1_8' title="bbox 294 1738 2237 1849">
     <span class='ocr_line' id='line_1_21' title="bbox 394 1738 2237 1788; baseline 0.003 -13"><span class='ocrx_word' id='word_1_215' title='bbox 394 1742 430 1783; x_wconf 77' lang='lat'><strong>⁸)</strong></span> <span class='ocrx_word' id='word_1_216' title='bbox 457 1741 516 1776; x_wconf 82' lang='lat' dir='ltr'><strong>Cf.</strong></span> <span class='ocrx_word' id='word_1_217' title='bbox 545 1741 690 1776; x_wconf 88' lang='lat' dir='ltr'><strong>Initium</strong></span> <span class='ocrx_word' id='word_1_218' title='bbox 714 1741 823 1777; x_wconf 86' lang='lat' dir='ltr'><strong>libelli</strong></span> <span class='ocrx_word' id='word_1_219' title='bbox 848 1740 894 1776; x_wconf 91' lang='lat' dir='ltr'><strong>de</strong></span> <span class='ocrx_word' id='word_1_220' title='bbox 917 1740 997 1776; x_wconf 84' lang='lat' dir='ltr'><strong>Lin.</strong></span> <span class='ocrx_word' id='word_1_221' title='bbox 1025 1741 1138 1776; x_wconf 86' lang='lat' dir='ltr'><strong>Inscr.</strong></span> <span class='ocrx_word' id='word_1_222' title='bbox 1164 1738 1389 1788; x_wconf 86' lang='lat' dir='ltr'><strong>Georgiique</strong></span> <span class='ocrx_word' id='word_1_223' title='bbox 1414 1739 1670 1787; x_wconf 78' lang='lat' dir='ltr'><strong>Pachymerae</strong></span> <span class='ocrx_word' id='word_1_224' title='bbox 1703 1739 1961 1788; x_wconf 84' lang='lat' dir='ltr'><strong>Paraphrasin.</strong></span> <span class='ocrx_word' id='word_1_225' title='bbox 2000 1743 2046 1779; x_wconf 91' lang='lat' dir='ltr'><strong>de</strong></span> <span class='ocrx_word' id='word_1_226' title='bbox 2078 1743 2174 1781; x_wconf 88' lang='lat' dir='ltr'><strong>Gen.</strong></span> <span class='ocrx_word' id='word_1_227' title='bbox 2201 1751 2237 1781; x_wconf 85' lang='lat' dir='ltr'><strong>et</strong></span> 
     </span>
     <span class='ocr_line' id='line_1_22' title="bbox 294 1800 575 1849; baseline -0.011 -10"><span class='ocrx_word' id='word_1_228' title='bbox 294 1800 396 1839; x_wconf 87' lang='lat' dir='ltr'><strong>Corr.</strong></span> <span class='ocrx_word' id='word_1_229' title='bbox 423 1802 452 1849; x_wconf 90' lang='grc' dir='ltr'><strong>Ι,</strong></span> <span class='ocrx_word' id='word_1_230' title='bbox 480 1801 514 1838; x_wconf 94' lang='grc'><strong>1.</strong></span> <span class='ocrx_word' id='word_1_231' title='bbox 539 1800 575 1838; x_wconf 75' lang='grc'><strong>2.</strong></span> 
     </span>
    </p>
   </div>
  </div>
 </body>
</html>
