2546 3184
1226 677 1268 725 1.

422 781 741 840 MutationiS,
772 782 978 847 infiniti,
1010 784 1186 848 spatii,
1232 785 1466 851 temporis
1499 782 1658 831 brevis
1687 795 1754 831 θα·
1786 781 2064 831 Aristotelis

983 868 1222 915 sententia
1253 869 1505 934 eoepositia

276 1026 573 1099 Aristoteles
615 1054 848 1098 doctrinam
886 1053 941 1097 de
968 1059 1117 1097 natura
1158 1055 1327 1099 tradere
1352 1058 1595 1109 instituens,
1634 1069 1755 1110 quum
1786 1057 1935 1096 natura
1964 1054 2208 1111 principium

276 1128 516 1170 mutationis
545 1129 622 1181 sit,
664 1126 764 1183 quid
793 1128 849 1168 sit
877 1128 1071 1180 mutatio,
1116 1131 1213 1170 ante
1244 1129 1379 1171 omnia
1409 1125 1707 1185 explicandum
1733 1139 1830 1169 esse
1868 1129 2027 1169 censet.
2088 1124 2206 1177 Quo-

275 1199 384 1240 niam
409 1203 548 1241 autem
590 1200 764 1240 mutatio
812 1200 855 1240 iu
894 1212 1064 1240 numero
1092 1201 1378 1242 continuorum
1405 1200 1579 1242 videtur
1610 1213 1720 1251 esse,
1757 1198 1956 1238 infinitum
1985 1210 2093 1239 vero
2118 1197 2206 1253 pri-

275 1284 381 1312 mum
421 1272 464 1312 in
503 1273 702 1313 continuo
741 1272 1011 1327 conspicuum
1053 1275 1143 1323 est,
1184 1285 1318 1326 neque
1358 1273 1449 1314 sine
1486 1271 1586 1315 loco
1626 1274 1671 1313 et
1707 1274 1893 1326 tempore
1938 1273 2074 1311 motus
2111 1280 2207 1311 esse

275 1344 441 1397 potest,
488 1340 542 1383 de
586 1341 652 1382 his
694 1340 881 1383 omnibus
919 1340 1187 1397 aperiendum
1228 1346 1295 1385 est
1336 1343 1397 1396 ¹),
1456 1347 1677 1397 antequam
1715 1340 1770 1384 de
1811 1342 2010 1383 continuo
2056 1341 2206 1396 agitur.

274 1410 421 1453 Parva
473 1412 596 1454 nobis
650 1426 833 1467 quoque,
881 1416 928 1454 ut
971 1416 1090 1455 recte
1145 1412 1199 1456 de
1251 1415 1449 1457 continuo
1500 1412 1733 1457 doctrinam
1787 1410 2094 1467 intelligamus,
2149 1423 2206 1454 ex

271 1480 450 1538 plurium
498 1482 698 1525 librorum
750 1482 1101 1540 disputationibus
1147 1482 1395 1537 delibanda,
1452 1484 1689 1538 lectorique
1739 1484 1782 1524 in
1829 1484 2062 1525 memoriam
2110 1486 2206 1523 sunt

269 1551 528 1596 revocanda.

390 1622 462 1666 Ao
494 1625 666 1681 primum
697 1623 862 1678 quidem
892 1626 1068 1666 mutatio
1100 1626 1166 1666 est
1197 1627 1316 1666 actus
1343 1626 1456 1680 ejus,
1496 1623 1610 1679 quod
1639 1627 1854 1680 potestate
1884 1626 1972 1675 est,
2001 1627 2204 1677 quatenus

272 1693 362 1737 tale
394 1697 481 1748 est,
525 1695 624 1748 vel,
654 1699 701 1737 ut
729 1694 898 1738 uberius
930 1694 1104 1747 dicitur,
1134 1696 1306 1737 mutatio
1338 1700 1405 1738 est
1444 1698 1559 1752 eJuS‚
1603 1694 1715 1751 quod
1745 1696 1934 1752 potentia
1965 1698 2051 1745 est,
2084 1706 2206 1748 quum

271 1769 372 1808 actu
398 1769 465 1809 est
496 1770 540 1809 et
570 1768 661 1824 agit
690 1771 762 1807 aut
791 1768 833 1807 in
864 1779 911 1809 se
944 1769 1076 1824 ipsum
1105 1770 1178 1806 aut
1208 1768 1250 1806 in
1280 1766 1409 1818 aliud,
1452 1771 1655 1821 quatenus
1684 1766 1881 1808 mutabile
1911 1769 1977 1807 est
2008 1763 2060 1817 2).
2120 1763 2205 1805 Est

271 1839 410 1878 autem
458 1837 566 1879 haec
608 1837 795 1880 definitio
827 1840 1053 1879 universae
1084 1840 1192 1880 inter
1232 1840 1427 1893 opposita
1453 1840 1692 1880 mutationis
1721 1837 1778 1890 ³),
1817 1851 1922 1891 quae
1953 1836 2043 1878 fieri
2073 1848 2203 1891 posse

271 1908 498 1964 exponitur
538 1910 709 1966 primum
749 1924 806 1953 ex
848 1908 1062 1952 substrato
1104 1910 1147 1951 in
1195 1908 1469 1963 substratum,
1516 1910 1586 1965 qui
1629 1913 1768 1952 motus
1810 1908 1979 1966 proprie
2035 1904 2204 1959 dicitur,

364 2086 400 2129 1)
426 2085 544 2134 Phys.
580 2087 646 2135 III,
683 2085 716 2121 1·
768 2091 842 2124 ἐπεὶ
881 2086 914 2123 δ’
949 2086 970 2133 ἦ
1010 2086 1114 2134 φύσις
1150 2091 1212 2134 μέν
1248 2092 1341 2124 ἐστιν
1371 2086 1460 2135 οἰρχή
1488 2087 1656 2134 κινήσεως
1686 2091 1743 2123 καὶ
1769 2084 2044 2132 μεταβολῆς....
2069 2087 2127 2120 δεῖ·
2148 2085 2195 2131 μή

269 2146 461 2183 λανθάνειν
488 2150 525 2183 τί
548 2151 622 2183 ἐστι
647 2150 867 2194 ulmeus-m..
894 2150 994 2183 δοκεῖ
1016 2147 1044 2184 δ’
1072 2148 1094 2195 ἡ
1121 2151 1253 2195 κίνησις
1280 2150 1366 2185 εἶναι
1393 2149 1461 2185 τῶν
1487 2149 1659 2196 συνεχῶν,
1693 2147 1733 2184 τὸ
1766 2147 1794 2183 δ’
1824 2147 1966 2192 ἄπειρον
1996 2148 2202 2193 ἐμφαίνεται

268 2208 409 2254 πρῶτον
434 2212 471 2244 ἐν
499 2208 549 2243 τῶ
574 2217 814 2255 συνεχεῖ-...Η
842 2207 930 2254 πρὸς
955 2211 992 2244 δὲ
1021 2209 1163 2251 τούτοις
1189 2210 1274 2246 ἄνευ
1302 2210 1416 2246 τόπου
1443 2215 1501 2245 καὶ
1529 2210 1633 2246 κενοῦ
1665 2213 1722 2245 καὶ
1748 2207 1872 2255 χρόνου
1900 2209 2034 2253 κίνησιν
2062 2206 2201 2243 ἀδύνα-

268 2282 330 2306 τον
355 2269 460 2306 εἶναι·
487 2269 596 2316 δῆλον
624 2265 688 2305 οὖν
714 2268 831 2311 ὥς....
860 2272 1029 2305 σκεπτέον
1056 2274 1374 2318 προχειρισαμένοις
1401 2274 1478 2317 περὶ
1505 2268 1657 2307 ἑκάστου
1683 2268 1816 2306 τούτων
1841 2282 1871 2303 κ.
1899 2281 1929 2303 τ.
1957 2269 1987 2303 λ.

366 2355 403 2402 ²)
428 2357 545 2407 Phys·
571 2358 636 2407 ΠῙ,
663 2358 694 2395 1.
745 2359 766 2406 ἡ
795 2361 860 2396 τοῦ
887 2358 1031 2404 δυνάμει
1060 2359 1164 2402 ὄντος
1189 2363 1403 2409 ἐντελέχεια,
1440 2357 1464 2408 ᾗ
1494 2361 1676 2402 τοιοῦτον,
1720 2360 1852 2404 κίνησίς
1886 2361 1990 2393 ἐστιν.
2048 2356 2096 2392 ib.
2121 2356 2202 2392 eod.

433 2420 450 2428 η
662 2419 678 2431 n
813 2419 828 2432 G
1145 2421 1159 2432 ss
1712 2417 1724 2430 Γ

1316 2419 1596 2434 nnnnnn

266 2479 314 2516 ef.
339 2479 458 2528 Phys
484 2480 552 2528 111,
573 2479 606 2515 2.
633 2479 725 2515 Met.
750 2447 818 2528 fn,
844 2479 879 2514 9.

366 2569 400 2615 ³)
425 2569 543 2619 Phys.
570 2569 621 2615 V,
646 2569 679 2605 1.
720 2569 742 2617 ἡ
768 2573 805 2607 δὲ
824 2586 871 2618 μη
896 2569 988 2607 κατὰ
1015 2571 1236 2619 σιμβεβηκός
1263 2570 1483 2618 (μεταβολή)
1514 2569 1576 2607 οὗκ
1603 2573 1639 2607 ἐν
1666 2568 1810 2613 ἅπασιν,
1839 2567 1915 2604 ἀλλ’
1946 2572 1981 2605 ἐν
2006 2575 2082 2610 τοῖς
2104 2572 2204 2605 ἐφαν-

267 2633 357 2673 τίοις
387 2636 446 2668 καὶ
472 2636 508 2668 ἐν
542 2641 617 2674 τοῖς
641 2631 773 2679 μεταξύ
801 2637 858 2668 καὶ
884 2636 920 2668 ιν
947 2632 1140 2679 ἀντιφάσει.
1192 2633 1239 2670 cf
1265 2633 1355 2667 Met.
1381 2631 1447 2679 xl,
1473 2630 1530 2666 11.
1687 2677 1715 2723 1
1736 2679 1767 2710 ᾲ
