2546 3184
1248 134 1312 184 18
1361 202 1392 207 „⁴

301 289 407 332 quas
446 275 620 321 easdem
657 273 791 320 refert
828 275 956 319 etiam
993 272 1050 318 ad
1088 278 1226 317 motus
1258 271 1328 326 ¹⁵).
1385 269 1563 317 Omnino
1596 275 1705 318 enim
1742 273 1850 320 latio
1883 277 2016 335 prima
2051 283 2250 327 mutatio-

300 361 395 391 num
424 351 492 392 est
518 344 588 402 ¹⁶).

1251 487 1297 533 3.

881 591 968 638 De
1005 590 1303 639 eoetemionis
1335 591 1668 641 cmttinuitate.

448 720 530 763 His
560 722 603 762 in
641 721 884 762 universum
924 717 979 761 de
1019 719 1219 761 continuo
1251 719 1462 775 expositis
1490 717 1749 762 redeundum
1785 733 1879 762 cum
1907 720 2150 767 Aristotele
2179 731 2248 768 est

293 790 351 834 ad
390 793 681 835 extensionem
718 792 897 847 ejusque
935 790 1252 832 continuitatem
1291 787 1667 831 demonstrandam.
1734 789 1949 847 Repetitis
1979 792 2110 848 igitur
2139 807 2245 837 con-

293 864 423 917 tinui,
455 864 666 920 contigui,
693 863 827 920 ipsius
859 860 1061 918 deinceps
1091 858 1426 913 definitionibus,
1452 861 1514 903 ita
1543 864 1591 903 ut
1617 864 1707 911 τοῖς
1737 859 1881 918 ἄκροις
1910 862 2137 907 substituta
2161 868 2246 909 sint

292 935 347 975 τὰ
377 934 559 987 ἔσχατα,
589 947 751 977 omnem
775 932 929 975 lineam
960 944 1058 975 esse
1090 933 1328 975 continuam
1357 930 1413 973 ad
1442 930 1703 989 probandum
1729 935 1909 990 proponi
1932 941 2244 993 exspectamus.

292 1004 389 1050 Sed
418 1009 578 1049 mutata
604 1004 747 1048 subito
779 1007 951 1062 praeter
994 1003 1232 1061 opinionem
1262 1004 1449 1057 ratione,
1488 1016 1649 1047 omnem
1680 1005 1919 1047 continuam
1954 1004 2108 1050 lineam
2136 1021 2243 1053 con-

291 1083 410 1122 stare
441 1092 499 1121 ex
531 1075 720 1119 dividuis
751 1075 890 1129 lineis,
921 1089 1005 1119 non
1036 1088 1093 1118 ex
1116 1073 1348 1116 individuis
1373 1076 1469 1119 sive
1492 1077 1660 1133 punctis
1683 1077 1780 1119 sive
1802 1075 1928 1120 lineis
1952 1077 2126 1123 efficere
2149 1084 2243 1123 stu-

291 1149 367 1193 det
390 1148 667 1192 AristoteleS.
729 1147 896 1190 Puncta
927 1148 1035 1189 enim
1063 1159 1144 1189 nec
1174 1148 1386 1199 continua,
1415 1160 1496 1189 nec
1523 1147 1738 1203 contigua,
1769 1160 1851 1190 nec
1875 1146 2077 1207 deinceps
2101 1154 2243 1207 posita

289 1219 445 1263 lineam
479 1221 718 1263 continuam
753 1217 953 1261 efficiunt.
1024 1216 1190 1259 Puncta
1225 1221 1272 1257 ut
1315 1217 1507 1274 partibus
1545 1222 1725 1270 vacant,
1764 1219 1826 1259 ita
1859 1218 2029 1260 ultimis.
2090 1220 2241 1276 Itaque

289 1290 439 1335 ultima
468 1305 548 1335 nec
585 1305 730 1344 unum,
765 1303 846 1334 nec
876 1288 997 1332 simul
1037 1302 1134 1332 esse
1165 1292 1354 1346 possunt.
1418 1286 1513 1341 Quo
1553 1302 1646 1333 cum
1682 1288 1869 1334 refutata
1897 1289 2125 1335 videantur
2155 1291 2241 1337 duo

288 1364 454 1421 priora,
493 1365 700 1405 retractat
737 1360 935 1415 alterum,
982 1372 1098 1403 nova
1127 1361 1258 1402 totius
1299 1360 1473 1403 notIone
1500 1359 1704 1403 adhibita.
1773 1359 2065 1418 Quodcunque
2099 1365 2241 1407 conti-

287 1447 416 1490 guum
447 1438 528 1486 est,
554 1432 599 1473 id
632 1436 764 1474 totum
790 1436 936 1484 totum,
967 1436 1041 1473 aut
1069 1444 1168 1488 pars
1197 1434 1372 1487 partem,
1402 1435 1476 1472 aut
1503 1435 1637 1474 totum
1665 1435 1828 1488 partem
1856 1435 2004 1489 tangit.
2073 1434 2242 1477 Puncta

288 1503 480 1562 partibus
512 1505 703 1548 carentia
741 1507 833 1546 tota
872 1507 964 1546 tota
1002 1516 1051 1546 se
1089 1506 1265 1559 tangant
1295 1515 1475 1546 necesse
1507 1506 1586 1545 est.
1647 1500 1774 1555 Quod
1804 1516 1913 1547 vero
1944 1509 2077 1548 totum
2106 1510 2240 1549 totum

288 1587 337 1619 se
366 1576 526 1632 tangit,
558 1573 604 1617 id
634 1588 718 1618 non
749 1577 817 1618 est
848 1575 1100 1618 continuum.
1169 1570 1423 1617 Continuum
1461 1574 1570 1617 enim
1596 1563 1831 1618 'conficitur
1858 1587 1917 1619 ex
1946 1574 2043 1619 aliis
2074 1589 2241 1635 semper

291 1652 336 1691 et
363 1646 460 1689 aliis
484 1645 676 1705 partibus
700 1645 800 1689 loco
829 1644 1031 1699 diremtis,
1060 1658 1114 1689 ne
1142 1644 1286 1698 multa,
1318 1646 1557 1688 continuum
1573 1648 1641 1689 est
1656 1644 1816 1690 infinite
1832 1644 2061 1690 dividuum.
2100 1647 2239 1694 Prae-

289 1724 410 1762 terea
440 1720 478 1759 si
508 1722 603 1760 tota
634 1717 842 1775 ejusmodi
880 1722 998 1771 sunt,
1036 1723 1083 1759 ut
1113 1731 1197 1760 non
1224 1716 1408 1760 habeant
1443 1721 1609 1775 partes,
1654 1718 1766 1760 sicut
1795 1723 1991 1776 punctum
2018 1719 2094 1763 vel
2125 1719 2238 1762 indi-

289 1899 358 1934 τοῦ
390 1898 569 1933 κινεῖσθαι
607 1897 669 1932 καὶ
703 1898 771 1933 τοῦ
806 1895 1014 1941 κινουμένου
1048 1896 1107 1931 καὶ
1132 1893 1168 1931 ἐν
1194 1889 1222 1942 ᾧ
1248 1894 1273 1938 η’
1298 1895 1446 1939 κίνησις.
1504 1892 1598 1939 πλῆν
1630 1892 1676 1931 ου’
1705 1895 1853 1933 πάντων
1883 1896 2031 1942 ὁμοίως,
2067 1898 2106 1933 ἐν
2131 1899 2186 1940 οἷς
2212 1897 2236 1941 ἧ

286 1959 444 2002 κίνησις,
470 1953 562 1994 dua*
586 1957 655 1993 τοῦ
677 1957 742 2003 μὲν
767 1957 884 1994 ποσοῦ
907 1953 993 1993 καθ’
1017 1954 1127 1999 αὐτό,
1161 1956 1227 1992 τοῦ
1259 1955 1296 1991 δὲ
1331 1955 1442 1992 ποιοῦ
1473 1954 1567 1992 κατοῖ
1603 1956 1839 2004 συμβεβηκός.
1890 1956 1938 1996 cf.
1972 1968 2053 2007 cap.
2088 1957 2137 2007 ej.
2174 1957 2237 1995 fin.

286 2016 406 2065 Phys.
431 2017 503 2065 VI,
528 2017 564 2052 5.
618 2020 699 2064 τρία
723 2016 794 2066 γάρ
820 2017 918 2054 ἔστιν
944 2015 972 2053 οἳ
995 2018 1126 2064 λέγεται
1150 2014 1244 2053 xmo?
1267 2017 1334 2060 τήν
1357 2012 1578 2061 μεταβολήν,
1603 2015 1648 2053 ‘to'
1672 2031 1710 2053 τε
1734 2017 1953 2064 μεταβάλλον
1977 2021 2036 2055 καὶ
2060 2019 2099 2060 ἓν
2125 2015 2153 2067 ᾧ
2178 2021 2239 2056 καὶ

286 2080 337 2121 εἰς
362 2076 385 2114 ὃ
407 2075 633 2124 μεταβάλλει,
660 2080 738 2116 οἷον
764 2077 784 2114 o‘
809 2076 1006 2126 ἅνθρωπος
1032 2079 1092 2114 καῖ
1116 2078 1136 2114 ό
1162 2073 1293 2127 χρόνος
1325 2078 1384 2113 καὶ
1408 2075 1451 2114 to*
1480 2075 1626 2114 λευκόν·
1662 2076 1683 2115 ὁ
1707 2078 1774 2124 μὲν
1799 2075 1863 2116 οὖν
1888 2076 2089 2128 ἅνθρωπος
2123 2082 2182 2117 καὶ
2216 2077 2237 2117 ὅ

285 2139 417 2188 χρόνος
453 2141 641 2186 διαιρετοί,
667 2141 749 2187 περὶ
773 2140 811 2176 δὲ
837 2140 902 2175 τοῦ
928 2139 1056 2175 λευκοῦ
1080 2136 1186 2180 ἄλλος
1209 2133 1322 2185 λόγος.
1366 2137 1460 2181 πλήν
1486 2135 1579 2174 nata*
1604 2139 1831 2186 συμβεβηκός
1852 2152 1891 2188 γε
1910 2140 2030 2177 πάντα
2055 2141 2236 2189 διαιρετά·

287 2195 315 2248 ᾦ
341 2198 414 2249 γοῖρ
441 2200 641 2246 συμβεβηκε
662 2197 705 2236 τό
729 2198 854 2237 λευκόν
882 2197 905 2244 ἢ
930 2197 970 2236 ro
996 2194 1120 2241 ποιόν,
1146 2198 1257 2235 ἐκεῖνο
1284 2198 1461 2247 διαιρετόν
1485 2199 1596 2236 ἔστιν.

387 2270 439 2312 ¹⁵)
469 2269 516 2305 de
551 2268 646 2307 Gen.
682 2276 721 2307 et
753 2269 857 2307 Corr.
889 2270 937 2318 11,
973 2268 1029 2305 10.
1086 2267 1139 2305 ἔτι
1177 2269 1215 2305 δὲ
1251 2269 1327 2305 ἐπεὶ
1367 2269 1392 2313 ἦ
1423 2266 1516 2305 κατεῖ
1547 2267 1616 2313 τήν
1650 2271 1770 2318 φορεῖν
1803 2272 1943 2317 κίνησις
1974 2273 2147 2309 δέδεικται
2179 2270 2238 2310 ὅτι

285 2322 419 2373 ἀΐδιος,
462 2328 603 2378 α’νοὶγκη
638 2331 778 2368 τούτων
813 2328 927 2367 ὄντων
963 2332 1021 2366 καὶ
1054 2331 1193 2377 γένεσιν
1228 2328 1318 2367 εἶναι
1351 2330 1523 2379 συνεχῶς·
1558 2331 1581 2374 ἤ
1605 2328 1672 2380 γάρ
1697 2329 1794 2381 <popa=
1825 2332 1972 2378 ποιήσει
1996 2331 2065 2378 τήν
2098 2333 2237 2382 γένεσιν

285 2391 476 2440 ἐνδελεχῶς
495 2388 553 2427 διοῖ
574 2389 616 2428 τό
640 2392 839 2440 προσάγειν
865 2394 924 2428 καὶ
949 2387 1100 2439 οἷποῖγειν
1126 2389 1169 2428 τό
1193 2390 1411 2439 γεννητικόν.
1462 2391 1548 2427 Kat.
1569 2390 1627 2427 14.
1653 2387 1830 2436 κινήσεως
1853 2394 1892 2430 δὲ
1916 2396 1991 2439 εἴδη
2017 2396 2063 2436 ἕξ,
2089 2395 2236 2442 γένεσις,

284 2452 430 2501 φθοραί,
457 2449 624 2497 αὔξησις,
650 2454 816 2498 μείωσις,
848 2449 1053 2494 α’λλοίωσις,
1091 2450 1116 2496 ἦ
1140 2449 1233 2488 nato?
1258 2447 1370 2489 τόπον
1407 2451 1599 2498 μεταβολή.
1650 2451 1700 2490 cf.
1725 2452 1844 2502 Phys.
1869 2452 1938 2503 111,
1967 2453 2000 2490 1.
2051 2453 2129 2491 Sed
2153 2466 2236 2492 me-

284 2517 407 2550 mento
439 2510 559 2561 Phys.
586 2511 657 2561 IV,
691 2512 749 2550 10.
794 2512 902 2559 μηδὲν
936 2512 975 2549 δὲ
1009 2512 1200 2560 διαφερέτω
1232 2514 1341 2560 λέγειν
1367 2510 1453 2558 ἡμῖν
1486 2510 1525 2549 ἐν
1547 2513 1600 2560 τῷ
1631 2513 1788 2563 παρόντι
1812 2516 1952 2560 κίνησιν
1977 2512 2004 2559 η“
2027 2516 2235 2563 μεταβολήν.

285 2572 333 2611 cf.
360 2573 452 2610 Met.
478 2573 566 2622 XII,
591 2572 628 2610 2.
654 2573 728 2610 init.
753 2573 788 2611 6.

384 2641 436 2687 ²⁶)
462 2642 580 2693 Phys.
607 2642 711 2692 VIII,
736 2643 772 2681 ¹7.
