2546 3184
1196 123 1259 169 12

253 268 389 308 motus
425 274 591 320 semper
627 259 738 301 alius
774 259 852 311 sit,
888 259 1013 301 etiam
1051 260 1227 315 tempus.
1304 258 1436 304 Omne
1465 275 1574 306 vero
1603 266 1717 320 quod
1760 269 1884 311 simul
1911 275 1980 314 est
2015 275 2191 330 tempus,

252 335 361 378 idem
390 338 469 376 est.
536 331 783 374 Relativum
822 329 931 371 illud
958 343 1085 382 nunc,
1127 328 1241 384 quod
1282 336 1465 373 vocatur
1503 332 1604 374 καθ’
1638 336 1775 393 ἕτερον
1813 344 1859 382 et
1895 341 2191 398 complectitur

250 405 297 446 τὸ
325 409 423 448 ante
455 408 498 448 et
527 401 573 443 τὸ
601 407 700 460 post
731 407 775 445 et
804 403 1023 456 utriusque
1054 399 1232 445 medium
1262 403 1500 457 terminum,
1540 407 1710 450 metitur
1738 412 1914 469 tempus.
1973 412 2056 456 Est
2082 427 2189 472 ergo

248 478 386 518 unitas
425 474 670 532 temporalis
717 473 794 516 vel
839 473 1100 516 elementum.
1167 473 1316 529 Itaque
1354 477 1521 517 metitur
1558 481 1720 536 tempus
1757 488 1930 537 motum,
1972 489 2016 528 et
2051 490 2188 529 motus

247 551 409 604 tempus
448 548 509 588 ita
539 550 699 598 tamen,
745 548 792 587 ut
823 544 1014 600 aequalis
1050 547 1186 587 motus
1217 545 1458 598 circularis,
1507 552 1711 602 quatenus
1742 557 1809 595 est
1836 557 2011 612 primus,
2058 558 2188 614 prima

245 619 302 659 sit
330 631 550 669 mensura,
581 618 735 673 quippe
767 618 890 671 cujus
921 629 1115 659 numerus
1147 618 1202 657 sit
1232 616 1367 673 vulgo
1399 620 1652 661 notissimus.

1196 757 1240 803 2.

858 860 944 909 De
976 861 1209 908 universa
1237 863 1566 912 continuitate.

361 989 545 1032 Primum
571 988 836 1030 Aristoteles
866 1002 1006 1031 earum
1033 990 1246 1030 notionum
1277 989 1542 1033 definitiones
1571 992 1758 1045 exhibet,
1789 1008 1900 1049 quae·
1926 1002 1999 1038 aut
2023 999 2184 1042 faciunt

239 1059 296 1101 ad
327 1060 628 1118 explicandum
659 1062 919 1111 continuum,
952 1064 1023 1100 aut
1054 1059 1107 1099 ab
1138 1073 1191 1100 eo
1224 1059 1530 1102 discernendae
1557 1067 1664 1103 sunt.
1725 1064 1848 1107 Loco
1873 1071 2011 1121 simul,
2038 1071 2182 1125 inquit,

239 1131 438 1173 dicuntur
467 1146 564 1173 esse
597 1146 672 1182 ea,
712 1144 818 1184 quae
850 1133 890 1171 in
921 1144 1004 1172 uno
1032 1130 1163 1185 primo
1206 1131 1301 1172 sive
1330 1131 1497 1185 aequali
1536 1131 1780 1188 loeosunt,
1818 1141 1998 1195 {anyer-e
2031 1154 2079 1184 se
2116 1155 2181 1196 ea,

238 1216 413 1257 quorum
438 1207 631 1245 extrema
655 1205 750 1243 sunt
775 1195 925 1242 simul!
953 1200 1264 1243 Intermedium
1289 1206 1355 1244 est
1380 1200 1435 1254 id,
1466 1201 1522 1244 ad
1547 1203 1659 1259 quod
1675 1206 1791 1262 prius
1806 1212 2032 1265 pervenire
2052 1211 2181 1256 debet

237 1271 309 1325 id,
349 1272 464 1328 quod
502 1277 653 1313 natura
692 1273 888 1313 continuo
927 1274 1129 1322 mutatur,
1168 1284 1287 1325 quam
1334 1272 1390 1313 ad
1428 1272 1490 1325 id,
1537 1276 1578 1315 in
1621 1276 1734 1329 quod
1772 1279 1955 1322 ultimum
1986 1288 2179 1325 mutatur.

236 1344 439 1387 Ultimum
469 1348 606 1386 autem
627 1344 863 1385 mutationis
895 1346 960 1384 est
993 1343 1249 1399 oppositum,
1279 1347 1323 1386 et
1354 1343 1467 1399 quod
1498 1349 1617 1387 reeta
1647 1346 1864 1403 plurimum
1894 1350 2036 1405 distat,
2067 1353 2113 1395 id
2137 1355 2178 1396 in

235 1417 377 1472 spatio
408 1416 647 1472 oppositum
675 1416 751 1455 est.
813 1413 879 1454 lta
905 1412 961 1454 ad
984 1415 1187 1455 minimum
1212 1416 1292 1455 tria
1316 1413 1372 1455 ad
1396 1415 1682 1458 intermedium
1706 1423 1980 1475 requiruntur.
2035 1424 2178 1468 Dein-

235 1499 339 1542 ceps
377 1484 422 1526 id
462 1489 549 1536 est,
597 1483 709 1538 quod
744 1485 826 1523 situ
872 1489 944 1523 aut
975 1489 1125 1525 natura
1172 1490 1244 1525 aut
1279 1485 1366 1527 alio
1405 1486 1530 1528 modo
1577 1487 1790 1532 definitum
1828 1495 2073 1550 principium
2113 1498 2177 1539 sic

234 1557 422 1612 excipit,
453 1560 499 1596 ut
531 1554 719 1610 ejusdem
751 1556 918 1609 generis
949 1554 1054 1596 nihil
1081 1556 1137 1595 sit
1168 1556 1479 1612 interpositum,
1520 1571 1562 1599 v.
1601 1571 1638 1601 c.
1678 1559 1791 1603 linea
1821 1562 1993 1616 lineam,
2030 1565 2176 1608 domus

234 1626 421 1678 domum,
465 1628 604 1669 unitas
639 1626 848 1667 unitatem.
909 1624 1037 1667 Alius
1084 1638 1192 1668 vero
1225 1628 1394 1682 generis
1437 1626 1597 1682 aliquid
1635 1629 1739 1673 ficet
1784 1634 1839 1674 sit
1874 1635 2175 1694 interpositum.

233 1697 464 1740 Adhaeret
490 1696 556 1749 id,
603 1695 713 1751 quod
746 1695 945 1753 deinceps
976 1709 1024 1739 se
1057 1698 1204 1752 tangit.
1269 1694 1528 1740 Continuam
1560 1705 1646 1753 est,
1679 1701 1791 1756 quod
1823 1704 2012 1748 haerens.
2058 1708 2176 1750 Dicit

233 1773 374 1811 autem
406 1781 458 1810 ea
490 1781 586 1810 esse
614 1768 831 1819 continua,
863 1781 1034 1822 quorum
1067 1781 1123 1809 ex
1156 1770 1378 1819 extremis,
1411 1769 1559 1822 quibus
1591 1784 1638 1812 se
1670 1776 1865 1830 tangunt,
1894 1790 2017 1819 unum
2040 1778 2174 1821 idem-

233 1853 314 1894 que
347 1839 504 1881 factum
543 1844 630 1890 est,
673 1852 880 1892 quaeque,
927 1846 972 1879 ut
1010 1840 1173 1880 notatio
1207 1840 1331 1880 vocis
1367 1839 1573 1892 ostendit,
1621 1845 1898 1887 continentur.
1958 1848 2173 1892 Exti-emis

232 1913 364 1968 igitur
394 1925 476 1953 non
502 1912 590 1966 jam
622 1909 824 1961 diversis,
865 1910 936 1951 ubi
966 1924 1087 1951 unum
1118 1913 1259 1961 tactu,
1306 1909 1383 1953 sed
1414 1925 1496 1953 nou
1527 1925 1604 1968 per
1634 1918 1789 1957 tactum
1820 1916 1976 1961 sactum
2007 1925 2092 1974 est,
2131 1923 2172 1963 in

231 1996 285 2025 eo
318 1984 558 2025 continuum
586 1983 765 2039 positum
795 1986 872 2024 est.
936 1981 1083 2036 Itaque
1109 1979 1335 2024 discretum
1366 1996 1389 2023 a
1422 1985 1621 2027 continuo
1653 1986 1713 2028 ita
1745 1985 1960 2043 diwemst,
1992 1995 2038 2033 ut
2065 2005 2171 2035 con—

229 2212 271 2250 τό
299 2213 362 2251 νῦν
389 2210 430 2250 τό
470 2211 517 2260 μή
543 2212 628 2249 καθ’
655 2214 774 2261 ἕτερον
802 2212 896 2250 ἀλλά
922 2215 1003 2251 καθ’
1048 2212 1137 2250 αὐτὸ
1166 2219 1223 2249 καὶ
1250 2214 1389 2260 πρῶτον
1422 2215 1608 2262 λεγόμενον
1640 2221 1837 2270 ἀδιαίρετον
1874 2224 1960 2260 εἶναι
1977 2252 1985 2260 .
2002 2252 2010 2260 .
2027 2252 2035 2260 .
2052 2252 2060 2260 .
2095 2226 2169 2261 ἔστι

228 2271 294 2322 γάρ
330 2273 479 2321 ἔσχαττῖν
515 2289 548 2309 τι
583 2275 649 2310 τοῦ
677 2276 883 2322 γεγονότος,
921 2276 963 2313 οὗ
993 2282 1049 2313 ἐστὶ
1076 2278 1160 2313 τάδε
1187 2277 1299 2313 οὐθέν
1324 2278 1396 2314 ἔστι
1421 2281 1615 2324 μέλλοντος
1648 2289 1705 2319 καὶ
1732 2284 1837 2320 πάλιν
1873 2286 1939 2321 τοῦ
1963 2286 2169 2330 μέλλοντος,

227 2332 271 2371 οὖ
299 2339 356 2371 ἐπὶ
383 2334 469 2371 τάδε
498 2335 611 2371 οὐθέν
639 2340 713 2371 ἐστι
736 2336 802 2371 τοῦ
830 2336 1037 2383 γεγονότος·
1073 2336 1092 2373 ὃ
1120 2335 1164 2383 δή
1191 2337 1321 2384 ἔφαμεν
1348 2338 1479 2386 ἀμφοῖν
1506 2342 1593 2378 εἶναι
1620 2346 1737 2391 πέρας.
1788 2344 1835 2380 ib.
1862 2344 1942 2379 eod.
1969 2342 2025 2380 ὅτι
2051 2342 2079 2379 δ’
2108 2342 2170 2378 οὐ-

226 2398 285 2432 δὲν
311 2400 348 2432 ἐν
376 2396 429 2440 τῷ
455 2396 517 2431 νῦν
544 2404 700 2436 κινεῖται,
726 2401 764 2432 ἐκ
790 2398 897 2433 τῶνδε
926 2398 1077 2446 (φανερόν
1104 2403 1178 2435 ἐστι
1196 2413 1226 2434 κ.
1244 2412 1272 2434 τ.
1291 2400 1321 2434 λ.
1372 2400 1418 2435 ib.
1445 2399 1524 2435 eod·
1551 2396 1644 2435 ἀλλά
1670 2395 1738 2443 μήν
1767 2395 1808 2433 οὗ
1836 2394 1864 2432 δ’
1891 2396 2030 2442 ἠρεμεῖν
2054 2393 2167 2434 (ἔστιν

225 2461 261 2493 ἐν
285 2456 339 2502 τῷ
364 2457 456 2499 νῦν).
516 2455 633 2505 Phys.
659 2456 730 2506 IV,
757 2457 814 2493 14.
840 2468 1016 2507 μετρεῖται
1035 2488 1042 2496 .
1060 2488 1067 2496 .
1085 2488 1091 2495 .
1111 2488 1118 2496 .
1157 2457 1178 2495 ὅ
1200 2474 1236 2496 τε
1264 2459 1386 2508 χρόνος
1420 2460 1552 2507 κινήσει
1578 2464 1635 2496 καὶ
1662 2459 1683 2506 ἡ
1712 2461 1850 2505 κίνησις
1883 2456 2005 2505 χρόνῳ.
2057 2455 2166 2492 τοῦτο

225 2516 253 2552 δ’
282 2519 396 2561 ἐστίν,
424 2517 481 2554 ὅτι
509 2519 580 2554 15πᾶ
607 2520 670 2565 τῆς
697 2520 886 2566 ὡρισμένης
912 2523 1079 2569 κινήσεως
1104 2522 1216 2571 χρόνῳ
1241 2532 1421 2570 μετρεῖται
1454 2525 1518 2571 τῆς
1544 2537 1581 2559 τε
1620 2520 1787 2567 κινήσεως
1812 2517 1853 2556 τό
1880 2515 1992 2555 ποσόν
2015 2521 2073 2553 καὶ
2099 2515 2166 2553 τοῦ

223 2576 363 2624 χρόνον.
406 2581 440 2615 εἰ
473 2575 538 2615 οὖν
576 2577 617 2615 τὸ
652 2579 790 2626 πρῶτον
826 2585 953 2628 μέτρον
992 2583 1133 2621 πάντων
1169 2584 1239 2621 τῶν
1274 2585 1468 2633 συγγενῶν,
1506 2584 1528 2631 ἡ
1567 2583 1785 2630 κυκλοφορία
1818 2579 1857 2641 ἡ·
1878 2574 2014 2626 ὁμαλῆς
2038 2580 2165 2624 μέτρω

222 2638 396 2685 μάλιστα,
422 2639 478 2678 ὅτι
505 2640 524 2677 ὁ
551 2640 708 2689 ἀριθμός
730 2641 748 2677 ὁ
775 2641 907 2690 ταύτης
934 2645 1210 2693 γνῳριμιότατος.

2450 2845 2546 2875 .Υ“Ν
