2546 3184
1228 121 1291 167 31

290 258 614 320 magnitudinem
645 255 873 300 dividuam.
936 254 1071 309 Quum
1100 257 1240 299 autem
1266 253 1548 299 mathematici
1584 259 1630 300 et
1661 260 1826 299 sumunt
1855 261 1900 301 et
1930 255 2230 309 demonstrant,

290 346 450 378 omnem
479 327 805 388 magnitudinem
830 341 928 372 esse
955 329 1117 387 infinite
1145 327 1383 380 dividuam,
1416 330 1598 369 mutatur
1630 326 1780 370 eadem
1811 327 2083 373 cohaerentia
2116 328 2229 386 phy-

290 406 383 448 sica
416 405 460 445 in
498 401 820 445 continuitatem
855 401 1018 458 infinite
1055 398 1287 441 dividuam.
1347 398 1550 458 Infinitas
1585 402 1724 442 autem
1762 404 1806 441 et
1837 404 1939 442 actu
1968 405 2011 443 et
2040 402 2231 456 potentia

290 480 370 519 est.
432 473 527 526 Quo
572 472 690 526 quasi
733 472 965 513 exstruitur
1008 472 1054 513 et
1095 472 1403 512 consummatur
1441 470 1560 513 notio
1604 468 1662 512 ad
1701 467 1978 526 quodcunque
2018 475 2230 515 certamen

291 543 535 597 ineundum,
577 544 770 599 quoniam
811 555 975 595 omneS,
1025 554 1129 597 quas
1172 539 1324 596 reliqui
1370 539 1614 599 philosophi
1655 546 1962 599 separaverant
2008 541 2083 585 vel
2123 556 2230 585 con-

286 620 460 675 junctas
490 612 722 657 defendere
753 615 832 655 vix
861 615 1072 670 poterant,
1103 616 1227 654 notas
1257 615 1544 668 repugnantes
1573 613 1874 655 reconciliatas
1902 615 1944 654 in
1974 626 2023 655 se
2053 614 2229 670 recepit.

293 686 494 730 Ceterum
523 689 610 728 tres
638 682 752 741 apud
780 681 1062 726 Aristotelem
1093 683 1405 736 continuitates‚
1445 682 1728 736 artificialem,
1771 682 2021 735 naturalem,
2064 683 2228 726 mathe-

292 759 484 801 maticam
508 769 593 799 non
616 768 791 812 prorsus
818 755 1022 796 immerito
1055 753 1108 795 ab
1138 753 1340 797 Averroe
1371 752 1594 797 distinctas
1624 754 1757 797 fuisse
1787 758 1917 811 patet.
1977 754 2151 806 Restat,
2182 758 2229 796 ut

293 828 541 871 adnotemus
572 830 755 883 tempuS,
795 825 1109 882 comparatione
1147 837 1240 867 cum
1278 824 1392 868 linea
1430 826 1635 878 instituta,
1665 824 1822 867 factum
1852 838 1949 868 esse
1977 826 2227 868 continuum.

294 898 428 953 Quid,
478 894 592 953 quod
637 897 875 940 intensivae
919 897 1159 938 mutationis
1198 898 1453 939 continuitas
1492 899 1583 953 jam
1627 898 1816 948 emersit,
1872 899 2050 940 numeris
2096 910 2228 952 usque

294 969 512 1021 discretis,
542 966 622 1010 sed
652 969 888 1025 intercepto
920 968 1043 1009 inani,
1074 991 1124 997 —
