2546 3184
1253 125 1319 172 20

312 268 395 307 tem
425 262 526 305 loco
557 262 676 317 quasi
707 261 924 319 pristinam
954 260 1140 303 continui
1168 262 1382 304 notionem
1412 258 1592 315 deserit,
1632 274 1829 318 novaque
1858 260 2043 305 infinitae
2073 258 2256 306 divisio-

311 335 376 374 nis
401 335 533 374 utitur
563 335 771 387 tamquam
802 332 1090 374 continuitatis
1119 332 1327 387 primaria.
1388 330 1540 387 Pergit
1569 333 1708 385 etiam,
1739 345 1860 388 quam
1888 333 2014 391 plane
2044 336 2182 374 motus
2212 337 2257 375 et

310 406 512 461 temporis
540 404 797 446 continuitas
825 402 878 443 ab
911 403 1162 444 extensione
1193 403 1393 443 continua
1421 400 1607 457 pendeat
1638 401 1939 446 demonstrare.
1999 403 2140 459 HuJus
2170 404 2255 459 igi-

309 480 377 516 tur
407 474 491 517 hoc
519 474 620 517 loco
661 474 977 516 continuitatem
1007 471 1213 529 probasse
1244 471 1325 514 sibi
1360 470 1554 524 videtur,
1596 470 1722 527 idque
1761 472 1866 516 dicit
1903 472 2074 516 disertis
2110 473 2256 517 verbis

309 547 452 603 capite
486 544 688 588 secundo.
749 544 812 586 At
847 557 900 586 ne
939 533 1332 597 simus’iniquiores
1368 544 1410 584 in
1449 542 1708 601 explicando
1748 543 1988 587 Aristotele
2026 549 2170 588 exstat
2200 543 2256 587 de

308 616 435 660 lineis
474 614 774 659 insecabilibus
813 614 988 658 libellus
1028 613 1276 671 singularis,
1318 626 1459 669 quem,
1499 615 1635 672 agite,
1667 613 1867 658 adeamus
1904 616 1966 657 ita
2003 619 2164 668 tamen,
2209 620 2256 657 ut

308 702 448 747 pauca
488 686 612 731 modo
652 685 749 730 inde
789 685 1028 729 hauriamus
1072 699 1207 741 eoque
1247 698 1496 740 caveamus,
1536 701 1589 731 ne
1633 688 1867 740 notionum,
1912 700 2032 742 quam
2077 688 2256 730 maxime

307 773 523 811 curamuS‚
566 758 840 801 cohaerantia
887 759 1149 801 obscuretur.
1224 757 1297 798 Ab
1343 758 1463 801 initio
1503 760 1633 815 igitur
1679 758 2021 801 adversariorum
2067 760 2255 801 rationes

307 837 471 874 sumtae
501 831 604 872 illae
632 829 685 871 ab
718 828 828 872 ideis
860 835 904 872 et
935 831 1165 880 elementis,
1198 843 1224 870 a
1262 828 1372 870 male
1403 830 1627 873 intellecta
1655 835 1963 886 geometrarum
1992 842 2197 881 mensura,
2229 844 2256 871 a

308 902 423 944 salsa
454 899 696 943 numerandi
738 902 912 943 notione
960 905 1170 954 utcunque
1207 900 1419 941 convictis
1456 903 1598 957 pergit
1628 906 1779 944 auctor
1809 900 1948 943 libelli
1978 902 2067 941 suis
2098 899 2254 943 confir-

309 986 424 1015 mare
458 973 737 1028 argumentis,
776 985 859 1014 non
891 976 1041 1013 extare
1073 970 1224 1011 lineam
1256 969 1528 1013 individuam.
1591 971 1664 1013 Ex
1700 971 2085 1014 mathematicorum
2121 970 2255 1014 disci-

306 1044 425 1101 plina
465 1041 635 1085 derivat
676 1047 934 1099 argumenta.
1003 1041 1053 1082 In
1084 1039 1343 1083 individuam
1372 1041 1525 1085 lineam
1563 1056 1646 1085 non
1678 1042 1857 1097 quadrat
1890 1057 1970 1086 nec
2002 1042 2142 1086 lineae
2172 1056 2253 1085 nec

307 1118 455 1158 rectae
488 1112 689 1156 definitio.
752 1113 855 1156 Non
887 1114 994 1156 enim
1026 1110 1247 1154 individua
1273 1115 1339 1155 est
1366 1113 1476 1156 inter
1507 1113 1614 1166 alia,
1643 1126 1723 1158 nec
1752 1112 1882 1157 habet
1910 1111 2099 1157 medium.
2160 1112 2253 1155 Ra-

306 1188 368 1228 tio
401 1190 561 1236 autem‚
600 1186 637 1226 si
669 1184 768 1238 quid
799 1183 953 1235 video,
999 1185 1195 1239 primaria
1227 1189 1317 1235 est,
1362 1198 1504 1226 omnes
1542 1184 1678 1227 lineas
1716 1183 2112 1227 commensurabiles
2146 1184 2254 1236 fore,

304 1257 508 1299 linearum
538 1269 647 1298 vero
680 1254 1216 1298 incommensurabilitatem
1234 1254 1579 1298 amathematicis
1597 1254 1922 1298 demonstratam
1944 1269 2054 1298 esse.
2114 1255 2255 1298 Affert

305 1332 531 1385 praeterea
566 1325 673 1377 alia,
709 1339 752 1367 v.
783 1339 819 1367 c.
852 1324 1053 1380 trianguli
1085 1338 1142 1367 ex
1174 1324 1307 1366 tribus
1350 1325 1475 1368 lineis
1503 1324 1734 1367 individuis
1766 1327 1989 1383 compositi
2020 1341 2047 1367 a
2085 1327 2253 1368 vertice

305 1398 436 1440 ducta
473 1395 839 1454 perpendicularis
890 1394 1046 1437 dividit
1091 1394 1213 1437 basin
1252 1397 1294 1437 in
1337 1395 1443 1438 duas
1484 1401 1629 1454 partes
1668 1397 1884 1453 aequales.
1964 1397 2084 1449 Quae
2130 1402 2252 1440 cete-

304 1485 443 1511 rarum
471 1468 648 1523 adjecta
679 1473 747 1510 est
776 1469 948 1523 farrago
979 1470 1206 1519 rationum,
1238 1470 1280 1508 iu
1310 1482 1385 1519 eo,
1429 1471 1471 1508 ni
1502 1469 1652 1520 fallor,
1689 1475 1786 1510 sunt
1817 1471 2005 1526 positae,
2051 1475 2098 1524 ut
2128 1484 2252 1510 assu-

305 1544 439 1585 matur
468 1539 563 1582 finis
593 1542 800 1594 tamquam
830 1537 989 1594 aliquid
1031 1539 1261 1596 positivum
1293 1542 1464 1596 praeter
1493 1537 1558 1592 id,
1601 1540 1723 1596 cujus
1752 1553 1851 1584 esse
1878 1538 2169 1597 praedicatur,
2207 1544 2254 1583 ut

305 1614 463 1670 puncta
502 1611 633 1668 juxta
673 1610 871 1667 apposita
912 1613 984 1651 aut
1019 1610 1063 1651 in
1094 1622 1216 1651 unum
1257 1608 1493 1663 confluere,
1530 1613 1603 1653 aut
1639 1608 1754 1654 linea
1795 1611 2046 1669 interposita
2076 1608 2255 1655 diremta

304 1697 403 1726 esse
441 1681 656 1732 dicantur,
695 1685 742 1721 ut
788 1694 871 1722 una
908 1680 1121 1723 divisione
1163 1682 1319 1723 effecta
1357 1682 1540 1723 infinitas
1579 1681 1832 1724 divisionum
1875 1688 2071 1723 sumatur.
2132 1682 2254 1734 Quae

306 1751 455 1795 eadem
488 1766 610 1806 quum
639 1749 758 1793 dicta
786 1752 871 1791 sint
915 1753 956 1791 in
987 1750 1210 1807 Physicis,
1251 1766 1303 1793 ea
1341 1755 1548 1794 ruminare
1593 1752 1646 1793 ab
1685 1752 1766 1794 hac
1803 1754 2033 1808 scriptione
2073 1753 2253 1795 alienum

306 1829 394 1875 est,
436 1823 686 1880 praesertim
726 1834 846 1876 quum
886 1823 976 1878 ipse
1012 1821 1276 1864 Aristoteles
1314 1822 1618 1866 mathematicis
1657 1822 1891 1866 rationibus
1926 1822 2142 1879 plurimum
2173 1825 2252 1866 tri-

303 1895 428 1946 buat,
463 1896 616 1950 quippe
644 1905 754 1947 quae
785 1905 868 1934 non
899 1894 979 1933 nisi
1010 1892 1260 1934 firmioribus
1289 1892 1617 1936 labefactandae
1649 1895 1745 1934 sint.
1806 1893 1905 1935 Hoc
1951 1906 2073 1934 unum
2102 1895 2253 1938 afferre

303 1964 490 2007 fortasse
522 1966 673 2020 juvat,
719 1961 833 2018 quod
871 1964 907 2003 si
954 1968 1201 2020 punctorum
1249 1968 1449 2006 contactu
1488 1964 1628 2007 lineae
1666 1964 1955 2017 efficerentur,
1995 1966 2127 2006 omnis
2168 1970 2252 2006 tum

304 2039 575 2077 everteretur
622 2038 769 2076 rectae
814 2038 858 2075 et
901 2034 1050 2075 circuli
1093 2033 1332 2076 differentia
1374 2034 1427 2088 ²).
1490 2032 1656 2077 Contra
1700 2048 1808 2078 vero
1855 2038 2139 2078 necessarium
2186 2043 2251 2079 est

406 2272 440 2317 Ἰ)
468 2272 515 2307 de
541 2272 621 2309 Lin.
647 2274 767 2311 Insec.
822 2273 879 2310 ὅτι
904 2274 968 2318 μὲν
993 2271 1057 2310 οὖν
1095 2302 1101 2309 .
1130 2302 1138 2310 .
1165 2302 1172 2309 .
1201 2303 1207 2309 .
1246 2273 1321 2310 οὔτ’
1346 2273 1539 2323 ἀναγκαῖον
1578 2270 1737 2320 α’τόμους
1770 2275 1858 2312 εἶναι
1889 2274 2056 2324 γραμμάς
2082 2274 2164 2311 οὔτε
2189 2289 2253 2311 πι-

303 2333 443 2375 θανόν,
487 2334 648 2380 φανερόν.
716 2333 769 2370 ἔτι
809 2337 847 2371 δὲ
883 2335 943 2369 καῖ
979 2335 1017 2370 ἐκ
1051 2335 1163 2370 τοῖνδε
1198 2333 1327 2382 γένοιτ’
1358 2333 1407 2371 οἷν
1442 2331 1687 2383 φανερώτερον.
1758 2337 1903 2382 πρῶτον
1935 2337 2000 2381 μὲν
2035 2336 2073 2372 ἐκ
2107 2335 2181 2372 τοῖν
2220 2335 2255 2370 ἐν

304 2394 380 2433 τοῖς
413 2393 609 2437 μαθήμασι
649 2394 883 2438 δεικνυμένων
920 2396 978 2429 καὶ
1010 2395 1228 2439 τιθεμένων,
1265 2394 1291 2430 δι’
1323 2392 1367 2430 ου’
1399 2396 1535 2431 δίκαιον
1560 2392 1585 2439 ἢ
1617 2396 1844 2441 πιστοτέροις
1866 2395 1984 2444 λόγοις
2008 2396 2123 2431 κινεῖν.
2174 2391 2253 2429 οὔτε

304 2449 375 2498 γοῖρ
402 2450 422 2486 o‘
448 2453 516 2495 τῆς
545 2453 711 2499 γραμμῆς
735 2451 818 2489 οὔτε
844 2451 864 2489 ὁ
901 2454 968 2496 τῆς
1003 2451 1145 2496 εὐθείας
1178 2453 1263 2502 ὅρος
1288 2451 1480 2502 ἐφαρμόσει
1504 2456 1551 2507 τῇ
1574 2452 1700 2503 α’τόμῳ
1725 2453 1787 2490 dm*
1811 2454 1851 2492 τό
1877 2457 1968 2502 μήτε
1993 2451 2120 2501 μεταξύ
2147 2454 2253 2490 τινοῖν

305 2511 396 2548 εἶναι
428 2509 517 2557 μήτ’
554 2510 647 2560 ἔχειν
683 2512 801 2557 μέσον.
853 2513 976 2555 (Eucl.
1013 2514 1128 2550 Elem.
1168 2517 1197 2551 I.
1237 2515 1308 2552 def.
1347 2516 1379 2552 1.
1416 2514 1560 2564 γραμμή
1593 2518 1708 2562 μῆκος
1743 2514 1908 2559 ἀπλατές.
1960 2515 2034 2553 ἀεί’,
2058 2513 2095 2551 3.
2131 2512 2253 2551 ἐν’θεῖα

303 2572 449 2621 γραμμή
476 2572 596 2615 ἐστιν,
636 2570 715 2616 ἥτις
740 2574 855 2616 ἔξίσου
880 2574 955 2616 τοῖς
982 2572 1035 2620 ἐφ’
1061 2575 1191 2620 ἑαυτῆς
1227 2576 1384 2622 σημείοις
1408 2576 1549 2618 κεῖται.)
1610 2566 1875 2613 ἔπειταιπιῖσαι
1909 2579 1948 2612 αἱ
1973 2576 2130 2624 γραμμαὶ
2156 2576 2251 2620 σύμ-

304 2644 428 2680 μετροι
464 2632 618 2669 ἔσονται.
671 2634 789 2669 παῖσαι
824 2632 890 2682 γάρ
923 2632 996 2670 tino*
1033 2636 1104 2672 τῶν
1130 2634 1276 2683 α’τόμων
1305 2638 1616 2684 μετρηθήσονται,
1643 2640 1685 2673 αἵ
1707 2648 1744 2673 τε
1769 2636 1875 2682 μήκει
1902 2634 2098 2684 σύμμετροι
2125 2636 2185 2672 καὶ
2212 2638 2250 2670 αἱ
