<?xml version="1.0" encoding="UTF-8"?>
<!DOCTYPE html PUBLIC "-//W3C//DTD XHTML 1.0 Transitional//EN"
    "http://www.w3.org/TR/xhtml1/DTD/xhtml1-transitional.dtd">
<html xmlns="http://www.w3.org/1999/xhtml" xml:lang="en" lang="en">
 <head>
  <title>
</title>
<meta http-equiv="Content-Type" content="text/html;charset=utf-8" />
  <meta name='ocr-system' content='tesseract 3.04.00' />
  <meta name='ocr-capabilities' content='ocr_page ocr_carea ocr_par ocr_line ocrx_word'/>
</head>
<body>
  <div class='ocr_page' id='page_1' title='image "4769592_0023.png"; bbox 0 0 2546 3184; ppageno 0'>
   <div class='ocr_carea' id='block_1_1' title="bbox 1183 89 1245 136">
    <p class='ocr_par' dir='ltr' id='par_1_1' title="bbox 1183 89 1245 136">
     <span class='ocr_line' id='line_1_1' title="bbox 1183 89 1245 136; baseline -0.032 0"><span class='ocrx_word' id='word_1_1' title='bbox 1183 89 1245 136; x_wconf 83' lang='lat'>15</span> 
     </span>
    </p>
   </div>
   <div class='ocr_carea' id='block_1_2' title="bbox 1095 155 1328 160">
    <p class='ocr_par' dir='ltr' id='par_1_2' title="bbox 1095 155 1328 160">
     <span class='ocr_line' id='line_1_2' title="bbox 1095 155 1328 160; baseline 0 0"><span class='ocrx_word' id='word_1_2' title='bbox 1095 155 1328 160; x_wconf 95' lang='lat' dir='ltr'> </span> 
     </span>
    </p>
   </div>
   <div class='ocr_carea' id='block_1_3' title="bbox 237 223 2179 1704">
    <p class='ocr_par' dir='ltr' id='par_1_3' title="bbox 237 223 2179 1477">
     <span class='ocr_line' id='line_1_3' title="bbox 237 223 2178 285; baseline -0.002 -16"><span class='ocrx_word' id='word_1_3' title='bbox 237 228 367 285; x_wconf 87' lang='lat' dir='ltr'>juvat</span> <span class='ocrx_word' id='word_1_4' title='bbox 399 225 539 270; x_wconf 91' lang='lat' dir='ltr'>locum</span> <span class='ocrx_word' id='word_1_5' title='bbox 570 237 627 268; x_wconf 91' lang='lat' dir='ltr'>ex</span> <span class='ocrx_word' id='word_1_6' title='bbox 664 223 976 283; x_wconf 88' lang='lat' dir='ltr'>Metaphysicis</span> <span class='ocrx_word' id='word_1_7' title='bbox 1007 225 1046 280; x_wconf 83' lang='lat'>⁵]</span> <span class='ocrx_word' id='word_1_8' title='bbox 1090 225 1304 267; x_wconf 89' lang='lat' dir='ltr'>laudatum</span> <span class='ocrx_word' id='word_1_9' title='bbox 1342 227 1584 269; x_wconf 80' lang='lat' dir='ltr'><strong>accuratius</strong></span> <span class='ocrx_word' id='word_1_10' title='bbox 1622 227 1860 281; x_wconf 83' lang='lat' dir='ltr'>exquirere,</span> <span class='ocrx_word' id='word_1_11' title='bbox 1891 238 1995 280; x_wconf 92' lang='lat' dir='ltr'>quo,</span> <span class='ocrx_word' id='word_1_12' title='bbox 2029 224 2178 280; x_wconf 90' lang='lat' dir='ltr'>quibus</span> 
     </span>
     <span class='ocr_line' id='line_1_4' title="bbox 242 291 2178 354; baseline -0.001 -14"><span class='ocrx_word' id='word_1_13' title='bbox 242 299 450 354; x_wconf 88' lang='lat' dir='ltr'>angustiis</span> <span class='ocrx_word' id='word_1_14' title='bbox 489 291 663 353; x_wconf 57' lang='lat' dir='ltr'>pressus</span> <span class='ocrx_word' id='word_1_15' title='bbox 710 299 766 338; x_wconf 89' lang='lat' dir='ltr'>sit</span> <span class='ocrx_word' id='word_1_16' title='bbox 805 296 1089 349; x_wconf 89' lang='lat' dir='ltr'>Aristoteles,</span> <span class='ocrx_word' id='word_1_17' title='bbox 1142 296 1399 339; x_wconf 88' lang='lat' dir='ltr'>luculentius</span> <span class='ocrx_word' id='word_1_18' title='bbox 1445 302 1660 354; x_wconf 79' lang='lat' dir='ltr'>appareat.</span> <span class='ocrx_word' id='word_1_19' title='bbox 1745 294 1855 338; x_wconf 88' lang='lat' dir='ltr'>Sola</span> <span class='ocrx_word' id='word_1_20' title='bbox 1896 298 2178 352; x_wconf 84' lang='lat' dir='ltr'>contiguitate</span> 
     </span>
     <span class='ocr_line' id='line_1_5' title="bbox 241 365 2178 427; baseline 0 -17"><span class='ocrx_word' id='word_1_21' title='bbox 241 368 365 427; x_wconf 89' lang='lat' dir='ltr'>plura</span> <span class='ocrx_word' id='word_1_22' title='bbox 406 382 550 421; x_wconf 90' lang='lat' dir='ltr'>unum,</span> <span class='ocrx_word' id='word_1_23' title='bbox 605 366 718 423; x_wconf 92' lang='lat' dir='ltr'>quod</span> <span class='ocrx_word' id='word_1_24' title='bbox 762 366 1012 421; x_wconf 87' lang='lat' dir='ltr'>cohaereat,</span> <span class='ocrx_word' id='word_1_25' title='bbox 1064 366 1157 412; x_wconf 89' lang='lat' dir='ltr'>fieri</span> <span class='ocrx_word' id='word_1_26' title='bbox 1201 381 1285 412; x_wconf 89' lang='lat' dir='ltr'>uon</span> <span class='ocrx_word' id='word_1_27' title='bbox 1329 381 1458 426; x_wconf 90' lang='lat' dir='ltr'>posse</span> <span class='ocrx_word' id='word_1_28' title='bbox 1508 368 1773 426; x_wconf 86' lang='lat' dir='ltr'>experientia</span> <span class='ocrx_word' id='word_1_29' title='bbox 1815 365 2016 421; x_wconf 90' lang='lat' dir='ltr'>edoctus,</span> <span class='ocrx_word' id='word_1_30' title='bbox 2068 369 2106 409; x_wconf 83' lang='lat' dir='ltr'>si</span> <span class='ocrx_word' id='word_1_31' title='bbox 2151 379 2178 410; x_wconf 88' lang='lat' dir='ltr'>e</span> 
     </span>
     <span class='ocr_line' id='line_1_6' title="bbox 241 437 2179 497; baseline -0.002 -13"><span class='ocrx_word' id='word_1_32' title='bbox 241 441 398 484; x_wconf 88' lang='lat' dir='ltr'>nostris</span> <span class='ocrx_word' id='word_1_33' title='bbox 435 437 626 496; x_wconf 83' lang='lat' dir='ltr'>physicis</span> <span class='ocrx_word' id='word_1_34' title='bbox 657 438 827 493; x_wconf 87' lang='lat' dir='ltr'>fuisset,</span> <span class='ocrx_word' id='word_1_35' title='bbox 866 441 1006 481; x_wconf 89' lang='lat' dir='ltr'>statim</span> <span class='ocrx_word' id='word_1_36' title='bbox 1035 441 1122 482; x_wconf 90' lang='lat' dir='ltr'>vim</span> <span class='ocrx_word' id='word_1_37' title='bbox 1153 438 1422 483; x_wconf 90' lang='lat' dir='ltr'>cohaesionis</span> <span class='ocrx_word' id='word_1_38' title='bbox 1460 452 1619 497; x_wconf 90' lang='lat' dir='ltr'>ponere</span> <span class='ocrx_word' id='word_1_39' title='bbox 1650 452 1734 482; x_wconf 90' lang='lat' dir='ltr'>non</span> <span class='ocrx_word' id='word_1_40' title='bbox 1774 438 2022 481; x_wconf 83' lang='lat' dir='ltr'>dubitasset.</span> <span class='ocrx_word' id='word_1_41' title='bbox 2084 438 2179 481; x_wconf 81' lang='lat' dir='ltr'>Sed</span> 
     </span>
     <span class='ocr_line' id='line_1_7' title="bbox 241 509 2177 567; baseline -0.002 -14"><span class='ocrx_word' id='word_1_42' title='bbox 241 509 504 553; x_wconf 87' lang='lat' dir='ltr'>Aristoteles</span> <span class='ocrx_word' id='word_1_43' title='bbox 535 514 633 552; x_wconf 90' lang='lat' dir='ltr'>ante</span> <span class='ocrx_word' id='word_1_44' title='bbox 664 509 789 551; x_wconf 88' lang='lat' dir='ltr'>aliam</span> <span class='ocrx_word' id='word_1_45' title='bbox 816 509 1052 567; x_wconf 82' lang='lat' dir='ltr'>ingreditur</span> <span class='ocrx_word' id='word_1_46' title='bbox 1082 512 1194 552; x_wconf 88' lang='lat' dir='ltr'>viam</span> <span class='ocrx_word' id='word_1_47' title='bbox 1224 515 1427 567; x_wconf 85' lang='lat' dir='ltr'>praeunte</span> <span class='ocrx_word' id='word_1_48' title='bbox 1455 512 1738 567; x_wconf 88' lang='lat' dir='ltr'>experientia,</span> <span class='ocrx_word' id='word_1_49' title='bbox 1773 511 1948 552; x_wconf 84' lang='lat' dir='ltr'>vinculo</span> <span class='ocrx_word' id='word_1_50' title='bbox 1979 512 2177 563; x_wconf 84' lang='lat' dir='ltr'>nimirum,</span> 
     </span>
     <span class='ocr_line' id='line_1_8' title="bbox 243 580 2176 638; baseline 0.001 -17"><span class='ocrx_word' id='word_1_51' title='bbox 243 581 428 637; x_wconf 80' lang='lat' dir='ltr'>glutine,</span> <span class='ocrx_word' id='word_1_52' title='bbox 467 582 595 623; x_wconf 88' lang='lat' dir='ltr'>clavo</span> <span class='ocrx_word' id='word_1_53' title='bbox 628 581 712 623; x_wconf 92' lang='lat' dir='ltr'>duo</span> <span class='ocrx_word' id='word_1_54' title='bbox 752 584 794 621; x_wconf 93' lang='lat' dir='ltr'>in</span> <span class='ocrx_word' id='word_1_55' title='bbox 828 595 950 622; x_wconf 92' lang='lat' dir='ltr'>unum</span> <span class='ocrx_word' id='word_1_56' title='bbox 989 581 1207 637; x_wconf 87' lang='lat' dir='ltr'>copulans.</span> <span class='ocrx_word' id='word_1_57' title='bbox 1275 582 1358 634; x_wconf 92' lang='lat' dir='ltr'>At,</span> <span class='ocrx_word' id='word_1_58' title='bbox 1407 580 1563 623; x_wconf 84' lang='lat' dir='ltr'>dixerit</span> <span class='ocrx_word' id='word_1_59' title='bbox 1601 582 1785 623; x_wconf 90' lang='lat' dir='ltr'>fortasse</span> <span class='ocrx_word' id='word_1_60' title='bbox 1825 583 2027 638; x_wconf 84' lang='lat' dir='ltr'>quispiam</span> <span class='ocrx_word' id='word_1_61' title='bbox 2064 582 2176 622; x_wconf 88' lang='lat' dir='ltr'>invi-</span> 
     </span>
     <span class='ocr_line' id='line_1_9' title="bbox 242 651 2176 710; baseline -0.002 -15"><span class='ocrx_word' id='word_1_62' title='bbox 242 651 386 705; x_wconf 83' lang='lat' dir='ltr'>diose,</span> <span class='ocrx_word' id='word_1_63' title='bbox 431 665 630 710; x_wconf 89' lang='lat' dir='ltr'>ponamus</span> <span class='ocrx_word' id='word_1_64' title='bbox 670 651 754 694; x_wconf 93' lang='lat' dir='ltr'>duo</span> <span class='ocrx_word' id='word_1_65' title='bbox 792 652 910 708; x_wconf 89' lang='lat' dir='ltr'>ligna</span> <span class='ocrx_word' id='word_1_66' title='bbox 944 653 1024 704; x_wconf 85' lang='lat' dir='ltr'>ita,</span> <span class='ocrx_word' id='word_1_67' title='bbox 1072 657 1118 693; x_wconf 92' lang='lat' dir='ltr'>ut</span> <span class='ocrx_word' id='word_1_68' title='bbox 1151 665 1198 694; x_wconf 92' lang='lat' dir='ltr'>se</span> <span class='ocrx_word' id='word_1_69' title='bbox 1237 656 1432 710; x_wconf 82' lang='lat' dir='ltr'>tangant3</span> <span class='ocrx_word' id='word_1_70' title='bbox 1477 667 1560 695; x_wconf 91' lang='lat' dir='ltr'>non</span> <span class='ocrx_word' id='word_1_71' title='bbox 1595 652 1697 693; x_wconf 88' lang='lat' dir='ltr'>fiunt</span> <span class='ocrx_word' id='word_1_72' title='bbox 1728 666 1850 693; x_wconf 90' lang='lat' dir='ltr'>unum</span> <span class='ocrx_word' id='word_1_73' title='bbox 1887 654 1968 693; x_wconf 92' lang='lat' dir='ltr'>nisi</span> <span class='ocrx_word' id='word_1_74' title='bbox 2000 651 2176 708; x_wconf 85' lang='lat' dir='ltr'>glutine.</span> 
     </span>
     <span class='ocr_line' id='line_1_10' title="bbox 242 721 2176 780; baseline -0.001 -14"><span class='ocrx_word' id='word_1_75' title='bbox 242 721 337 766; x_wconf 86' lang='lat' dir='ltr'>Sed</span> <span class='ocrx_word' id='word_1_76' title='bbox 366 725 558 778; x_wconf 88' lang='lat' dir='ltr'>utrinque</span> <span class='ocrx_word' id='word_1_77' title='bbox 589 725 632 765; x_wconf 93' lang='lat' dir='ltr'>in</span> <span class='ocrx_word' id='word_1_78' title='bbox 660 723 741 765; x_wconf 90' lang='lat' dir='ltr'>fine</span> <span class='ocrx_word' id='word_1_79' title='bbox 772 722 947 779; x_wconf 88' lang='lat' dir='ltr'>glutinis</span> <span class='ocrx_word' id='word_1_80' title='bbox 974 722 1071 765; x_wconf 91' lang='lat' dir='ltr'>hinc</span> <span class='ocrx_word' id='word_1_81' title='bbox 1104 728 1170 765; x_wconf 94' lang='lat' dir='ltr'>est</span> <span class='ocrx_word' id='word_1_82' title='bbox 1200 723 1359 780; x_wconf 87' lang='lat' dir='ltr'>gluten,</span> <span class='ocrx_word' id='word_1_83' title='bbox 1388 723 1507 766; x_wconf 92' lang='lat' dir='ltr'>illinc</span> <span class='ocrx_word' id='word_1_84' title='bbox 1538 724 1707 780; x_wconf 91' lang='lat' dir='ltr'>lignum,</span> <span class='ocrx_word' id='word_1_85' title='bbox 1738 737 1818 766; x_wconf 91' lang='lat' dir='ltr'>nec</span> <span class='ocrx_word' id='word_1_86' title='bbox 1844 726 1886 765; x_wconf 90' lang='lat' dir='ltr'>iu</span> <span class='ocrx_word' id='word_1_87' title='bbox 1905 723 2055 764; x_wconf 90' lang='lat' dir='ltr'>finibus</span> <span class='ocrx_word' id='word_1_88' title='bbox 2070 736 2176 765; x_wconf 85' lang='lat' dir='ltr'>vere</span> 
     </span>
     <span class='ocr_line' id='line_1_11' title="bbox 242 793 2176 849; baseline 0.002 -15"><span class='ocrx_word' id='word_1_89' title='bbox 242 808 364 835; x_wconf 90' lang='lat' dir='ltr'>unum</span> <span class='ocrx_word' id='word_1_90' title='bbox 401 794 557 836; x_wconf 87' lang='lat' dir='ltr'>factum</span> <span class='ocrx_word' id='word_1_91' title='bbox 597 800 683 845; x_wconf 90' lang='lat' dir='ltr'>est,</span> <span class='ocrx_word' id='word_1_92' title='bbox 724 793 837 848; x_wconf 90' lang='lat' dir='ltr'>quod</span> <span class='ocrx_word' id='word_1_93' title='bbox 867 793 1051 836; x_wconf 86' lang='lat' dir='ltr'>discerni</span> <span class='ocrx_word' id='word_1_94' title='bbox 1081 809 1164 837; x_wconf 88' lang='lat' dir='ltr'>non</span> <span class='ocrx_word' id='word_1_95' title='bbox 1195 800 1339 849; x_wconf 85' lang='lat' dir='ltr'>queat,</span> <span class='ocrx_word' id='word_1_96' title='bbox 1379 795 1623 849; x_wconf 88' lang='lat' dir='ltr'>aequabile,</span> <span class='ocrx_word' id='word_1_97' title='bbox 1650 797 1710 836; x_wconf 87' lang='lat' dir='ltr'>ita</span> <span class='ocrx_word' id='word_1_98' title='bbox 1740 801 1786 836; x_wconf 91' lang='lat' dir='ltr'>ut</span> <span class='ocrx_word' id='word_1_99' title='bbox 1814 797 2006 849; x_wconf 90' lang='lat' dir='ltr'>utrinque</span> <span class='ocrx_word' id='word_1_100' title='bbox 2036 793 2176 837; x_wconf 89' lang='lat' dir='ltr'>denuo</span> 
     </span>
     <span class='ocr_line' id='line_1_12' title="bbox 241 864 2175 925; baseline 0 -18"><span class='ocrx_word' id='word_1_101' title='bbox 241 865 389 922; x_wconf 88' lang='lat' dir='ltr'>gluten</span> <span class='ocrx_word' id='word_1_102' title='bbox 431 868 699 922; x_wconf 86' lang='lat' dir='ltr'>interponere</span> <span class='ocrx_word' id='word_1_103' title='bbox 746 870 922 909; x_wconf 86' lang='lat' dir='ltr'>coactus</span> <span class='ocrx_word' id='word_1_104' title='bbox 968 867 1063 919; x_wconf 89' lang='lat' dir='ltr'>sim,</span> <span class='ocrx_word' id='word_1_105' title='bbox 1112 871 1156 911; x_wconf 90' lang='lat' dir='ltr'>et</span> <span class='ocrx_word' id='word_1_106' title='bbox 1198 869 1261 911; x_wconf 89' lang='lat' dir='ltr'>sic</span> <span class='ocrx_word' id='word_1_107' title='bbox 1301 881 1429 925; x_wconf 90' lang='lat' dir='ltr'>porro</span> <span class='ocrx_word' id='word_1_108' title='bbox 1468 868 1511 910; x_wconf 90' lang='lat' dir='ltr'>in</span> <span class='ocrx_word' id='word_1_109' title='bbox 1555 865 1765 909; x_wconf 83' lang='lat' dir='ltr'>infinitum.</span> <span class='ocrx_word' id='word_1_110' title='bbox 1825 865 1930 910; x_wconf 89' lang='lat' dir='ltr'>Utut</span> <span class='ocrx_word' id='word_1_111' title='bbox 1966 864 2049 910; x_wconf 89' lang='lat' dir='ltr'>hoc</span> <span class='ocrx_word' id='word_1_112' title='bbox 2095 868 2175 919; x_wconf 88' lang='lat' dir='ltr'>est,</span> 
     </span>
     <span class='ocr_line' id='line_1_13' title="bbox 240 936 2176 995; baseline -0.001 -17"><span class='ocrx_word' id='word_1_113' title='bbox 240 938 372 995; x_wconf 90' lang='lat' dir='ltr'>primo</span> <span class='ocrx_word' id='word_1_114' title='bbox 405 939 493 994; x_wconf 90' lang='lat' dir='ltr'>jam</span> <span class='ocrx_word' id='word_1_115' title='bbox 524 936 687 993; x_wconf 87' lang='lat' dir='ltr'>glutine</span> <span class='ocrx_word' id='word_1_116' title='bbox 717 936 833 992; x_wconf 85' lang='lat' dir='ltr'>ligna</span> <span class='ocrx_word' id='word_1_117' title='bbox 866 936 1107 991; x_wconf 87' lang='lat' dir='ltr'>cohaerent,</span> <span class='ocrx_word' id='word_1_118' title='bbox 1139 943 1183 981; x_wconf 92' lang='lat' dir='ltr'>et</span> <span class='ocrx_word' id='word_1_119' title='bbox 1211 938 1318 981; x_wconf 87' lang='lat' dir='ltr'>haec</span> <span class='ocrx_word' id='word_1_120' title='bbox 1360 943 1427 981; x_wconf 88' lang='lat' dir='ltr'>est</span> <span class='ocrx_word' id='word_1_121' title='bbox 1457 939 1711 981; x_wconf 88' lang='lat' dir='ltr'>continuitas</span> <span class='ocrx_word' id='word_1_122' title='bbox 1742 936 1995 989; x_wconf 89' lang='lat' dir='ltr'>artificialis,</span> <span class='ocrx_word' id='word_1_123' title='bbox 2026 942 2176 978; x_wconf 90' lang='lat' dir='ltr'>natura</span> 
     </span>
     <span class='ocr_line' id='line_1_14' title="bbox 242 1008 2175 1064; baseline 0 -16"><span class='ocrx_word' id='word_1_124' title='bbox 242 1020 348 1050; x_wconf 80' lang='lat' dir='ltr'>vero</span> <span class='ocrx_word' id='word_1_125' title='bbox 394 1008 556 1064; x_wconf 90' lang='lat' dir='ltr'>glutine</span> <span class='ocrx_word' id='word_1_126' title='bbox 593 1009 796 1049; x_wconf 88' lang='lat' dir='ltr'>naturalis</span> <span class='ocrx_word' id='word_1_127' title='bbox 834 1009 1015 1050; x_wconf 86' lang='lat' dir='ltr'>efficitur</span> <span class='ocrx_word' id='word_1_128' title='bbox 1052 1012 1316 1051; x_wconf 85' lang='lat' dir='ltr'>continuitas.</span> <span class='ocrx_word' id='word_1_129' title='bbox 1379 1008 1632 1052; x_wconf 88' lang='lat' dir='ltr'>Continuum</span> <span class='ocrx_word' id='word_1_130' title='bbox 1662 1022 1763 1050; x_wconf 86' lang='lat' dir='ltr'>sane</span> <span class='ocrx_word' id='word_1_131' title='bbox 1802 1023 1883 1050; x_wconf 94' lang='lat' dir='ltr'>non</span> <span class='ocrx_word' id='word_1_132' title='bbox 1912 1022 1988 1064; x_wconf 90' lang='lat' dir='ltr'>per</span> <span class='ocrx_word' id='word_1_133' title='bbox 2019 1012 2175 1049; x_wconf 85' lang='lat' dir='ltr'>tactum</span> 
     </span>
     <span class='ocr_line' id='line_1_15' title="bbox 242 1078 2174 1138; baseline 0.001 -19"><span class='ocrx_word' id='word_1_134' title='bbox 242 1092 364 1120; x_wconf 91' lang='lat' dir='ltr'>unum</span> <span class='ocrx_word' id='word_1_135' title='bbox 394 1078 460 1131; x_wconf 83' lang='lat' dir='ltr'>fit,</span> <span class='ocrx_word' id='word_1_136' title='bbox 505 1081 779 1134; x_wconf 87' lang='lat' dir='ltr'>quamtumvis</span> <span class='ocrx_word' id='word_1_137' title='bbox 819 1084 960 1136; x_wconf 86' lang='lat' dir='ltr'>partes</span> <span class='ocrx_word' id='word_1_138' title='bbox 1000 1082 1186 1122; x_wconf 88' lang='lat' dir='ltr'>continui</span> <span class='ocrx_word' id='word_1_139' title='bbox 1217 1083 1257 1122; x_wconf 93' lang='lat' dir='ltr'>in</span> <span class='ocrx_word' id='word_1_140' title='bbox 1301 1083 1439 1138; x_wconf 88' lang='lat' dir='ltr'>spatio</span> <span class='ocrx_word' id='word_1_141' title='bbox 1469 1080 1596 1122; x_wconf 83' lang='lat' dir='ltr'>aliter</span> <span class='ocrx_word' id='word_1_142' title='bbox 1622 1082 1722 1137; x_wconf 87' lang='lat' dir='ltr'>poni</span> <span class='ocrx_word' id='word_1_143' title='bbox 1751 1093 1833 1121; x_wconf 90' lang='lat' dir='ltr'>non</span> <span class='ocrx_word' id='word_1_144' title='bbox 1861 1081 2025 1136; x_wconf 87' lang='lat' dir='ltr'>possint</span> <span class='ocrx_word' id='word_1_145' title='bbox 2056 1092 2174 1134; x_wconf 91' lang='lat' dir='ltr'>quam</span> 
     </span>
     <span class='ocr_line' id='line_1_16' title="bbox 243 1150 2177 1206; baseline 0.001 -16"><span class='ocrx_word' id='word_1_146' title='bbox 243 1151 483 1205; x_wconf 86' lang='lat' dir='ltr'>contiguae.</span> <span class='ocrx_word' id='word_1_147' title='bbox 546 1150 749 1201; x_wconf 86' lang='lat' dir='ltr'>Quoniam</span> <span class='ocrx_word' id='word_1_148' title='bbox 787 1156 945 1202; x_wconf 89' lang='lat' dir='ltr'>autem,</span> <span class='ocrx_word' id='word_1_149' title='bbox 991 1151 1103 1205; x_wconf 91' lang='lat' dir='ltr'>quod</span> <span class='ocrx_word' id='word_1_150' title='bbox 1133 1157 1282 1193; x_wconf 90' lang='lat' dir='ltr'>natura</span> <span class='ocrx_word' id='word_1_151' title='bbox 1312 1152 1536 1204; x_wconf 87' lang='lat' dir='ltr'>cohaeret,</span> <span class='ocrx_word' id='word_1_152' title='bbox 1582 1152 1716 1206; x_wconf 90' lang='lat' dir='ltr'>magis</span> <span class='ocrx_word' id='word_1_153' title='bbox 1758 1166 1879 1192; x_wconf 91' lang='lat' dir='ltr'>unum</span> <span class='ocrx_word' id='word_1_154' title='bbox 1924 1156 2011 1202; x_wconf 89' lang='lat' dir='ltr'>est,</span> <span class='ocrx_word' id='word_1_155' title='bbox 2056 1163 2177 1204; x_wconf 89' lang='lat' dir='ltr'>quam</span> 
     </span>
     <span class='ocr_line' id='line_1_17' title="bbox 242 1219 2175 1280; baseline -0.001 -18"><span class='ocrx_word' id='word_1_156' title='bbox 242 1219 355 1274; x_wconf 89' lang='lat' dir='ltr'>quod</span> <span class='ocrx_word' id='word_1_157' title='bbox 404 1225 516 1273; x_wconf 87' lang='lat' dir='ltr'>arte,</span> <span class='ocrx_word' id='word_1_158' title='bbox 559 1220 777 1263; x_wconf 86' lang='lat' dir='ltr'>discernas</span> <span class='ocrx_word' id='word_1_159' title='bbox 823 1221 920 1263; x_wconf 90' lang='lat' dir='ltr'>illas</span> <span class='ocrx_word' id='word_1_160' title='bbox 969 1224 1255 1265; x_wconf 88' lang='lat' dir='ltr'>continuitatis</span> <span class='ocrx_word' id='word_1_161' title='bbox 1298 1225 1478 1280; x_wconf 85' lang='lat' dir='ltr'>species.</span> <span class='ocrx_word' id='word_1_162' title='bbox 1548 1221 1643 1274; x_wconf 84' lang='lat' dir='ltr'>Quo</span> <span class='ocrx_word' id='word_1_163' title='bbox 1683 1220 1907 1263; x_wconf 87' lang='lat' dir='ltr'>referenda</span> <span class='ocrx_word' id='word_1_164' title='bbox 1947 1225 2014 1263; x_wconf 91' lang='lat' dir='ltr'>est</span> <span class='ocrx_word' id='word_1_165' title='bbox 2052 1221 2175 1262; x_wconf 90' lang='lat' dir='ltr'>etiam</span> 
     </span>
     <span class='ocr_line' id='line_1_18' title="bbox 240 1290 2174 1346; baseline -0.001 -13"><span class='ocrx_word' id='word_1_166' title='bbox 240 1290 420 1334; x_wconf 85' lang='lat' dir='ltr'>Eudemi</span> <span class='ocrx_word' id='word_1_167' title='bbox 451 1293 738 1334; x_wconf 76' lang='lat' dir='ltr'>continuitatis</span> <span class='ocrx_word' id='word_1_168' title='bbox 770 1306 796 1333; x_wconf 87' lang='lat' dir='ltr'>a</span> <span class='ocrx_word' id='word_1_169' title='bbox 824 1291 1054 1336; x_wconf 90' lang='lat' dir='ltr'>coalitione</span> <span class='ocrx_word' id='word_1_170' title='bbox 1083 1292 1296 1336; x_wconf 90' lang='lat' dir='ltr'>distinctio</span> <span class='ocrx_word' id='word_1_171' title='bbox 1326 1298 1370 1337; x_wconf 86' lang='lat' dir='ltr'>et</span> <span class='ocrx_word' id='word_1_172' title='bbox 1400 1295 1532 1336; x_wconf 90' lang='lat' dir='ltr'>minor</span> <span class='ocrx_word' id='word_1_173' title='bbox 1563 1306 1723 1336; x_wconf 79' lang='lat' dir='ltr'>curvae</span> <span class='ocrx_word' id='word_1_174' title='bbox 1752 1294 2026 1343; x_wconf 87' lang='lat' dir='ltr'>continuitas,</span> <span class='ocrx_word' id='word_1_175' title='bbox 2057 1305 2174 1346; x_wconf 90' lang='lat' dir='ltr'>quam</span> 
     </span>
     <span class='ocr_line' id='line_1_19' title="bbox 242 1361 2173 1420; baseline 0.001 -18"><span class='ocrx_word' id='word_1_176' title='bbox 242 1367 400 1405; x_wconf 85' lang='lat' dir='ltr'>rectae.</span> <span class='ocrx_word' id='word_1_177' title='bbox 461 1362 628 1405; x_wconf 86' lang='lat' dir='ltr'>Etenim</span> <span class='ocrx_word' id='word_1_178' title='bbox 659 1368 778 1405; x_wconf 86' lang='lat' dir='ltr'>recta</span> <span class='ocrx_word' id='word_1_179' title='bbox 819 1365 952 1420; x_wconf 87' lang='lat' dir='ltr'>magis</span> <span class='ocrx_word' id='word_1_180' title='bbox 991 1378 1133 1416; x_wconf 91' lang='lat' dir='ltr'>unum,</span> <span class='ocrx_word' id='word_1_181' title='bbox 1170 1378 1289 1420; x_wconf 89' lang='lat' dir='ltr'>quam</span> <span class='ocrx_word' id='word_1_182' title='bbox 1328 1378 1474 1406; x_wconf 87' lang='lat' dir='ltr'>curva.</span> <span class='ocrx_word' id='word_1_183' title='bbox 1537 1361 1738 1405; x_wconf 86' lang='lat' dir='ltr'>Ceterum</span> <span class='ocrx_word' id='word_1_184' title='bbox 1769 1366 1894 1405; x_wconf 88' lang='lat' dir='ltr'>etiam</span> <span class='ocrx_word' id='word_1_185' title='bbox 1925 1376 2037 1405; x_wconf 90' lang='lat' dir='ltr'>mens</span> <span class='ocrx_word' id='word_1_186' title='bbox 2069 1376 2173 1404; x_wconf 90' lang='lat' dir='ltr'>con-</span> 
     </span>
     <span class='ocr_line' id='line_1_20' title="bbox 241 1434 870 1477; baseline 0.002 -2"><span class='ocrx_word' id='word_1_187' title='bbox 241 1435 473 1476; x_wconf 89' lang='lat' dir='ltr'>tinuitatem</span> <span class='ocrx_word' id='word_1_188' title='bbox 501 1434 673 1477; x_wconf 88' lang='lat' dir='ltr'>efficere</span> <span class='ocrx_word' id='word_1_189' title='bbox 705 1434 870 1477; x_wconf 90' lang='lat' dir='ltr'>dicitur.</span> 
     </span>
    </p>

    <p class='ocr_par' dir='ltr' id='par_1_4' title="bbox 242 1505 2174 1704">
     <span class='ocr_line' id='line_1_21' title="bbox 360 1505 2174 1563; baseline -0.001 -15"><span class='ocrx_word' id='word_1_190' title='bbox 360 1505 458 1548; x_wconf 89' lang='lat' dir='ltr'>Jam</span> <span class='ocrx_word' id='word_1_191' title='bbox 488 1519 710 1562; x_wconf 85' lang='lat' dir='ltr'>pergamus</span> <span class='ocrx_word' id='word_1_192' title='bbox 740 1505 795 1548; x_wconf 90' lang='lat' dir='ltr'>ad</span> <span class='ocrx_word' id='word_1_193' title='bbox 825 1506 1009 1563; x_wconf 87' lang='lat' dir='ltr'>logicam</span> <span class='ocrx_word' id='word_1_194' title='bbox 1040 1506 1421 1550; x_wconf 88' lang='lat' dir='ltr'>subordinationem</span> <span class='ocrx_word' id='word_1_195' title='bbox 1448 1507 1673 1549; x_wconf 89' lang='lat' dir='ltr'>notionum.</span> <span class='ocrx_word' id='word_1_196' title='bbox 1741 1505 1884 1560; x_wconf 85' lang='lat' dir='ltr'>Atque</span> <span class='ocrx_word' id='word_1_197' title='bbox 1913 1505 2174 1547; x_wconf 87' lang='lat' dir='ltr'>Aristoteles</span> 
     </span>
     <span class='ocr_line' id='line_1_22' title="bbox 242 1574 2172 1640; baseline 0.001 -24"><span class='ocrx_word' id='word_1_198' title='bbox 242 1574 407 1630; x_wconf 88' lang='lat' dir='ltr'>quidem</span> <span class='ocrx_word' id='word_1_199' title='bbox 439 1575 654 1640; x_wconf 58' lang='lat' dir='ltr'>deinceps,</span> <span class='ocrx_word' id='word_1_200' title='bbox 683 1580 944 1633; x_wconf 90' lang='lat' dir='ltr'>contiguum,</span> <span class='ocrx_word' id='word_1_201' title='bbox 973 1581 1210 1621; x_wconf 87' lang='lat' dir='ltr'>continuum</span> <span class='ocrx_word' id='word_1_202' title='bbox 1255 1592 1335 1633; x_wconf 92' lang='lat' dir='ltr'>quo</span> <span class='ocrx_word' id='word_1_203' title='bbox 1366 1577 1514 1620; x_wconf 90' lang='lat' dir='ltr'>ordine</span> <span class='ocrx_word' id='word_1_204' title='bbox 1544 1576 1615 1619; x_wconf 90' lang='lat' dir='ltr'>hic</span> <span class='ocrx_word' id='word_1_205' title='bbox 1645 1579 1811 1634; x_wconf 87' lang='lat' dir='ltr'>positae</span> <span class='ocrx_word' id='word_1_206' title='bbox 1842 1581 1956 1628; x_wconf 88' lang='lat' dir='ltr'>sunt,</span> <span class='ocrx_word' id='word_1_207' title='bbox 1987 1589 2039 1619; x_wconf 92' lang='lat' dir='ltr'>eo</span> <span class='ocrx_word' id='word_1_208' title='bbox 2070 1576 2172 1618; x_wconf 93' lang='lat' dir='ltr'>sub-</span> 
     </span>
     <span class='ocr_line' id='line_1_23' title="bbox 244 1645 2173 1704; baseline -0.001 -15"><span class='ocrx_word' id='word_1_209' title='bbox 244 1645 431 1699; x_wconf 87' lang='lat' dir='ltr'>ordinat,</span> <span class='ocrx_word' id='word_1_210' title='bbox 463 1646 642 1702; x_wconf 92' lang='lat' dir='ltr'>indeque</span> <span class='ocrx_word' id='word_1_211' title='bbox 674 1652 823 1690; x_wconf 85' lang='lat' dir='ltr'>natura</span> <span class='ocrx_word' id='word_1_212' title='bbox 854 1661 1017 1704; x_wconf 90' lang='lat' dir='ltr'>quoque</span> <span class='ocrx_word' id='word_1_213' title='bbox 1049 1651 1285 1693; x_wconf 87' lang='lat' dir='ltr'>continuum</span> <span class='ocrx_word' id='word_1_214' title='bbox 1314 1647 1501 1689; x_wconf 88' lang='lat' dir='ltr'>ultimum</span> <span class='ocrx_word' id='word_1_215' title='bbox 1530 1661 1628 1690; x_wconf 89' lang='lat' dir='ltr'>esse</span> <span class='ocrx_word' id='word_1_216' title='bbox 1666 1646 1883 1690; x_wconf 90' lang='lat' dir='ltr'>concludit</span> <span class='ocrx_word' id='word_1_217' title='bbox 1911 1645 1963 1701; x_wconf 78' lang='lat'>⁶).</span> <span class='ocrx_word' id='word_1_218' title='bbox 2024 1645 2173 1688; x_wconf 87' lang='lat' dir='ltr'>Eude-</span> 
     </span>
    </p>
   </div>
   <div class='ocr_carea' id='block_1_4' title="bbox 234 1805 2177 2588">
    <p class='ocr_par' dir='ltr' id='par_1_5' title="bbox 234 1805 2177 2588">
     <span class='ocr_line' id='line_1_24' title="bbox 342 1805 2173 1855; baseline -0.001 -14"><span class='ocrx_word' id='word_1_219' title='bbox 342 1807 375 1849; x_wconf 82' lang='lat'>5)</span> <span class='ocrx_word' id='word_1_220' title='bbox 402 1806 493 1842; x_wconf 86' lang='lat' dir='ltr'>Met.</span> <span class='ocrx_word' id='word_1_221' title='bbox 521 1807 571 1855; x_wconf 86' lang='lat' dir='ltr'>V,</span> <span class='ocrx_word' id='word_1_222' title='bbox 597 1805 632 1841; x_wconf 85' lang='grc'>6.</span> <span class='ocrx_word' id='word_1_223' title='bbox 686 1807 759 1842; x_wconf 75' lang='grc' dir='ltr'><em>τῶν</em></span> <span class='ocrx_word' id='word_1_224' title='bbox 785 1808 822 1843; x_wconf 79' lang='grc' dir='ltr'>δὲ</span> <span class='ocrx_word' id='word_1_225' title='bbox 847 1805 931 1842; x_wconf 78' lang='grc' dir='ltr'>καθ’</span> <span class='ocrx_word' id='word_1_226' title='bbox 964 1805 1073 1843; x_wconf 74' lang='grc' dir='ltr'><em>ἑαυιοῖ</em></span> <span class='ocrx_word' id='word_1_227' title='bbox 1105 1806 1145 1843; x_wconf 77' lang='grc' dir='ltr'><em>ἓν</em></span> <span class='ocrx_word' id='word_1_228' title='bbox 1171 1807 1359 1855; x_wconf 65' lang='grc' dir='ltr'><em>λεγομένων</em></span> <span class='ocrx_word' id='word_1_229' title='bbox 1392 1805 1439 1843; x_wconf 65' lang='lat' dir='ltr'>ta*</span> <span class='ocrx_word' id='word_1_230' title='bbox 1465 1807 1526 1852; x_wconf 76' lang='grc' dir='ltr'><em>μὲν</em></span> <span class='ocrx_word' id='word_1_231' title='bbox 1551 1807 1682 1854; x_wconf 74' lang='grc' dir='ltr'>λέγεται</span> <span class='ocrx_word' id='word_1_232' title='bbox 1717 1807 1766 1852; x_wconf 70' lang='grc' dir='ltr'>τῷ</span> <span class='ocrx_word' id='word_1_233' title='bbox 1798 1806 1929 1852; x_wconf 78' lang='grc' dir='ltr'><em>συνεχῆ</em></span> <span class='ocrx_word' id='word_1_234' title='bbox 1953 1807 2059 1846; x_wconf 68' lang='grc' dir='ltr'><em>εἶναι,</em></span> <span class='ocrx_word' id='word_1_235' title='bbox 2099 1806 2173 1841; x_wconf 83' lang='grc' dir='ltr'><em>οἷον</em></span> 
     </span>
     <span class='ocr_line' id='line_1_25' title="bbox 241 1863 2172 1919; baseline -0.002 -15"><span class='ocrx_word' id='word_1_236' title='bbox 241 1869 411 1915; x_wconf 75' lang='grc' dir='ltr'>ᾳάκελλος</span> <span class='ocrx_word' id='word_1_237' title='bbox 438 1870 553 1914; x_wconf 65' lang='grc' dir='ltr'><em>δέσμῳ</em></span> <span class='ocrx_word' id='word_1_238' title='bbox 579 1870 635 1903; x_wconf 79' lang='grc' dir='ltr'><em>καί</em></span> <span class='ocrx_word' id='word_1_239' title='bbox 661 1864 745 1910; x_wconf 75' lang='grc' dir='ltr'><em>ξύλα</em></span> <span class='ocrx_word' id='word_1_240' title='bbox 770 1863 885 1918; x_wconf 75' lang='grc' dir='ltr'>κόλλῃ,</span> <span class='ocrx_word' id='word_1_241' title='bbox 912 1870 973 1903; x_wconf 83' lang='grc' dir='ltr'>καῖ</span> <span class='ocrx_word' id='word_1_242' title='bbox 998 1868 1144 1915; x_wconf 73' lang='grc' dir='ltr'><em>γράμμη</em></span> <span class='ocrx_word' id='word_1_243' title='bbox 1172 1870 1238 1905; x_wconf 74' lang='grc' dir='ltr'><em>κιῖν</em></span> <span class='ocrx_word' id='word_1_244' title='bbox 1265 1868 1460 1913; x_wconf 76' lang='grc' dir='ltr'><em>κεκαμμένη</em></span> <span class='ocrx_word' id='word_1_245' title='bbox 1488 1864 1522 1919; x_wconf 75' lang='grc' dir='ltr'>ᾖ,</span> <span class='ocrx_word' id='word_1_246' title='bbox 1550 1867 1702 1916; x_wconf 62' lang='grc' dir='ltr'><em>συνεχής</em></span> <span class='ocrx_word' id='word_1_247' title='bbox 1726 1867 1771 1909; x_wconf 68' lang='grc' dir='ltr'>δέ,</span> <span class='ocrx_word' id='word_1_248' title='bbox 1800 1869 1859 1911; x_wconf 80' lang='grc' dir='ltr'>μία</span> <span class='ocrx_word' id='word_1_249' title='bbox 1882 1868 2025 1913; x_wconf 65' lang='grc' dir='ltr'>λέγεται,</span> <span class='ocrx_word' id='word_1_250' title='bbox 2053 1864 2172 1911; x_wconf 71' lang='grc' dir='ltr'><em>ὥσπερ</em></span> 
     </span>
     <span class='ocr_line' id='line_1_26' title="bbox 240 1922 2174 1977; baseline -0.003 -11"><span class='ocrx_word' id='word_1_251' title='bbox 240 1932 301 1966; x_wconf 79' lang='grc' dir='ltr'>καῖ</span> <span class='ocrx_word' id='word_1_252' title='bbox 340 1931 413 1966; x_wconf 80' lang='grc' dir='ltr'><em>ταῖν</em></span> <span class='ocrx_word' id='word_1_253' title='bbox 449 1931 565 1976; x_wconf 70' lang='grc' dir='ltr'><em>μεροῖν</em></span> <span class='ocrx_word' id='word_1_254' title='bbox 603 1931 766 1971; x_wconf 73' lang='grc' dir='ltr'><em>ἕκαστον,</em></span> <span class='ocrx_word' id='word_1_255' title='bbox 804 1931 879 1966; x_wconf 80' lang='grc' dir='ltr'><em>οἷον</em></span> <span class='ocrx_word' id='word_1_256' title='bbox 913 1930 1031 1970; x_wconf 65' lang='grc' dir='ltr'><em>σκέλος</em></span> <span class='ocrx_word' id='word_1_257' title='bbox 1066 1932 1124 1965; x_wconf 74' lang='grc' dir='ltr'>καὶ</span> <span class='ocrx_word' id='word_1_258' title='bbox 1151 1931 1322 1977; x_wconf 71' lang='grc' dir='ltr'><em>βραχίων.</em></span> <span class='ocrx_word' id='word_1_259' title='bbox 1365 1926 1486 1965; x_wconf 67' lang='grc' dir='ltr'><em>αὐτῶν</em></span> <span class='ocrx_word' id='word_1_260' title='bbox 1517 1928 1555 1965; x_wconf 67' lang='grc' dir='ltr'>δὲ</span> <span class='ocrx_word' id='word_1_261' title='bbox 1588 1928 1726 1966; x_wconf 80' lang='grc' dir='ltr'><em>τούτων</em></span> <span class='ocrx_word' id='word_1_262' title='bbox 1760 1929 1887 1973; x_wconf 70' lang='grc' dir='ltr'><em>μᾶλλον</em></span> <span class='ocrx_word' id='word_1_263' title='bbox 1924 1925 1964 1962; x_wconf 68' lang='grc' dir='ltr'><em>ἓν</em></span> <span class='ocrx_word' id='word_1_264' title='bbox 1999 1925 2040 1962; x_wconf 65' lang='grc' dir='ltr'>ια’</span> <span class='ocrx_word' id='word_1_265' title='bbox 2066 1922 2174 1972; x_wconf 59' lang='grc' dir='ltr'>φύσει</span> 
     </span>
     <span class='ocr_line' id='line_1_27' title="bbox 242 1983 2173 2040; baseline -0.003 -13"><span class='ocrx_word' id='word_1_266' title='bbox 242 1991 372 2039; x_wconf 79' lang='grc' dir='ltr'><em>συνεχῆ</em></span> <span class='ocrx_word' id='word_1_267' title='bbox 390 1987 413 2033; x_wconf 77' lang='grc' dir='ltr'><em>ἢ</em></span> <span class='ocrx_word' id='word_1_268' title='bbox 434 1990 547 2040; x_wconf 68' lang='grc' dir='ltr'><em>τέχνῃ.</em></span> <span class='ocrx_word' id='word_1_269' title='bbox 582 1990 723 2037; x_wconf 71' lang='grc' dir='ltr'><em>συνεχὲς</em></span> <span class='ocrx_word' id='word_1_270' title='bbox 750 1990 787 2024; x_wconf 77' lang='grc' dir='ltr'>δὲ</span> <span class='ocrx_word' id='word_1_271' title='bbox 812 1990 953 2036; x_wconf 69' lang='grc' dir='ltr'>λέγεται,</span> <span class='ocrx_word' id='word_1_272' title='bbox 982 1985 1023 2026; x_wconf 80' lang='grc' dir='ltr'>οὗ</span> <span class='ocrx_word' id='word_1_273' title='bbox 1049 1991 1187 2036; x_wconf 82' lang='grc' dir='ltr'><em>κίνησις·</em></span> <span class='ocrx_word' id='word_1_274' title='bbox 1212 1992 1272 2036; x_wconf 83' lang='grc' dir='ltr'>μία</span> <span class='ocrx_word' id='word_1_275' title='bbox 1299 1988 1383 2026; x_wconf 83' lang='grc' dir='ltr'>καθ’</span> <span class='ocrx_word' id='word_1_276' title='bbox 1409 1987 1499 2025; x_wconf 73' lang='grc' dir='ltr'>αὐτό</span> <span class='ocrx_word' id='word_1_277' title='bbox 1525 1991 1583 2025; x_wconf 76' lang='grc' dir='ltr'>καῖ</span> <span class='ocrx_word' id='word_1_278' title='bbox 1607 1988 1657 2035; x_wconf 81' lang='grc' dir='ltr'><em>μή</em></span> <span class='ocrx_word' id='word_1_279' title='bbox 1684 1989 1758 2025; x_wconf 83' lang='grc' dir='ltr'><em>οἷόν</em></span> <span class='ocrx_word' id='word_1_280' title='bbox 1784 2000 1820 2025; x_wconf 72' lang='grc' dir='ltr'>τε</span> <span class='ocrx_word' id='word_1_281' title='bbox 1846 1986 1975 2029; x_wconf 68' lang='grc' dir='ltr'><em>ἄλλως·</em></span> <span class='ocrx_word' id='word_1_282' title='bbox 2002 1989 2065 2032; x_wconf 81' lang='grc' dir='ltr'>μιά</span> <span class='ocrx_word' id='word_1_283' title='bbox 2085 1984 2115 2022; x_wconf 78' lang='grc' dir='ltr'>δ’</span> <span class='ocrx_word' id='word_1_284' title='bbox 2132 1983 2173 2023; x_wconf 75' lang='grc' dir='ltr'>οὗ</span> 
     </span>
     <span class='ocr_line' id='line_1_28' title="bbox 241 2047 2173 2101; baseline -0.002 -14"><span class='ocrx_word' id='word_1_285' title='bbox 241 2050 449 2099; x_wconf 74' lang='grc' dir='ltr'>α’διαίρετος,</span> <span class='ocrx_word' id='word_1_286' title='bbox 472 2047 672 2098; x_wconf 64' lang='grc' dir='ltr'>ἀδιαίρετος</span> <span class='ocrx_word' id='word_1_287' title='bbox 690 2050 727 2085; x_wconf 75' lang='grc' dir='ltr'>δὲ</span> <span class='ocrx_word' id='word_1_288' title='bbox 743 2047 833 2084; x_wconf 63' lang='lat' dir='ltr'>uara*</span> <span class='ocrx_word' id='word_1_289' title='bbox 851 2050 995 2097; x_wconf 82' lang='grc' dir='ltr'><em>χρόνον.</em></span> <span class='ocrx_word' id='word_1_290' title='bbox 1023 2048 1108 2086; x_wconf 81' lang='grc' dir='ltr'>καθ’</span> <span class='ocrx_word' id='word_1_291' title='bbox 1123 2050 1216 2087; x_wconf 72' lang='grc' dir='ltr'><em>αὐτοὶ</em></span> <span class='ocrx_word' id='word_1_292' title='bbox 1233 2053 1270 2087; x_wconf 76' lang='grc' dir='ltr'>δὲ</span> <span class='ocrx_word' id='word_1_293' title='bbox 1287 2051 1420 2098; x_wconf 79' lang='grc' dir='ltr'><em>συνεχῆ</em></span> <span class='ocrx_word' id='word_1_294' title='bbox 1435 2048 1503 2086; x_wconf 79' lang='grc' dir='ltr'>ὅσα</span> <span class='ocrx_word' id='word_1_295' title='bbox 1518 2048 1569 2095; x_wconf 76' lang='grc' dir='ltr'><em>μή</em></span> <span class='ocrx_word' id='word_1_296' title='bbox 1586 2048 1664 2101; x_wconf 69' lang='grc' dir='ltr'>οἷᾳῇ</span> <span class='ocrx_word' id='word_1_297' title='bbox 1679 2052 1720 2085; x_wconf 76' lang='grc' dir='ltr'><em>ἕν.</em></span> <span class='ocrx_word' id='word_1_298' title='bbox 1747 2052 1778 2085; x_wconf 82' lang='grc' dir='ltr'>εἰ</span> <span class='ocrx_word' id='word_1_299' title='bbox 1790 2047 1858 2095; x_wconf 66' lang='grc' dir='ltr'>γάρ</span> <span class='ocrx_word' id='word_1_300' title='bbox 1876 2050 1976 2093; x_wconf 70' lang='grc' dir='ltr'><em>θείης</em></span> <span class='ocrx_word' id='word_1_301' title='bbox 1991 2048 2173 2093; x_wconf 77' lang='grc' dir='ltr'>ἁπτόμενα</span> 
     </span>
     <span class='ocr_line' id='line_1_29' title="bbox 240 2106 2173 2156; baseline -0.001 -8"><span class='ocrx_word' id='word_1_302' title='bbox 240 2107 396 2155; x_wconf 75' lang='grc' dir='ltr'><em>ἀλλήλων</em></span> <span class='ocrx_word' id='word_1_303' title='bbox 430 2110 532 2152; x_wconf 77' lang='grc' dir='ltr'><strong><em>ξύλα,</em></strong></span> <span class='ocrx_word' id='word_1_304' title='bbox 567 2108 611 2145; x_wconf 84' lang='grc' dir='ltr'>ου’</span> <span class='ocrx_word' id='word_1_305' title='bbox 646 2106 771 2155; x_wconf 66' lang='grc' dir='ltr'><em>φήσεις</em></span> <span class='ocrx_word' id='word_1_306' title='bbox 804 2110 917 2145; x_wconf 77' lang='grc' dir='ltr'><em>ταῦτα</em></span> <span class='ocrx_word' id='word_1_307' title='bbox 942 2111 1032 2148; x_wconf 76' lang='grc' dir='ltr'><em>εἶναι</em></span> <span class='ocrx_word' id='word_1_308' title='bbox 1067 2114 1123 2154; x_wconf 77' lang='grc' dir='ltr'><em>ἕν,</em></span> <span class='ocrx_word' id='word_1_309' title='bbox 1159 2110 1241 2149; x_wconf 79' lang='grc' dir='ltr'><em>οὔτε</em></span> <span class='ocrx_word' id='word_1_310' title='bbox 1267 2113 1390 2154; x_wconf 80' lang='grc' dir='ltr'><em>ξύλον,</em></span> <span class='ocrx_word' id='word_1_311' title='bbox 1423 2108 1505 2147; x_wconf 79' lang='grc' dir='ltr'><em>οὔτε</em></span> <span class='ocrx_word' id='word_1_312' title='bbox 1531 2111 1635 2156; x_wconf 73' lang='grc' dir='ltr'><em>σῶμα</em></span> <span class='ocrx_word' id='word_1_313' title='bbox 1659 2107 1732 2147; x_wconf 81' lang='grc' dir='ltr'><em>οὔτ’</em></span> <span class='ocrx_word' id='word_1_314' title='bbox 1762 2108 1840 2145; x_wconf 77' lang='grc' dir='ltr'><em>ἄλλο</em></span> <span class='ocrx_word' id='word_1_315' title='bbox 1875 2109 2020 2156; x_wconf 75' lang='grc' dir='ltr'><em>συνεχὲς</em></span> <span class='ocrx_word' id='word_1_316' title='bbox 2053 2107 2173 2146; x_wconf 71' lang='grc' dir='ltr'><em>ου’θέν.</em></span> 
     </span>
     <span class='ocr_line' id='line_1_30' title="bbox 239 2168 2170 2224; baseline -0.002 -16"><span class='ocrx_word' id='word_1_317' title='bbox 239 2171 285 2209; x_wconf 72' lang='grc' dir='ltr'>τά</span> <span class='ocrx_word' id='word_1_318' title='bbox 306 2185 342 2208; x_wconf 80' lang='grc' dir='ltr'>τε</span> <span class='ocrx_word' id='word_1_319' title='bbox 356 2169 400 2215; x_wconf 66' lang='grc' dir='ltr'>δή</span> <span class='ocrx_word' id='word_1_320' title='bbox 419 2168 506 2213; x_wconf 76' lang='grc' dir='ltr'><em>ὅλως</em></span> <span class='ocrx_word' id='word_1_321' title='bbox 525 2173 658 2219; x_wconf 76' lang='grc' dir='ltr'><em>συνεχῆ</em></span> <span class='ocrx_word' id='word_1_322' title='bbox 677 2168 714 2207; x_wconf 76' lang='grc' dir='ltr'><em>ἒν</em></span> <span class='ocrx_word' id='word_1_323' title='bbox 734 2171 877 2218; x_wconf 75' lang='grc' dir='ltr'>λέγεται,</span> <span class='ocrx_word' id='word_1_324' title='bbox 904 2169 973 2208; x_wconf 77' lang='grc' dir='ltr'><em>κοῖν</em></span> <span class='ocrx_word' id='word_1_325' title='bbox 989 2172 1051 2224; x_wconf 76' lang='grc' dir='ltr'>ἔχῃ</span> <span class='ocrx_word' id='word_1_326' title='bbox 1068 2173 1218 2222; x_wconf 79' lang='grc' dir='ltr'><em>κάμψιν,</em></span> <span class='ocrx_word' id='word_1_327' title='bbox 1244 2174 1305 2210; x_wconf 82' lang='grc' dir='ltr'>καῖ</span> <span class='ocrx_word' id='word_1_328' title='bbox 1320 2172 1372 2210; x_wconf 84' lang='grc' dir='ltr'>ἔτι</span> <span class='ocrx_word' id='word_1_329' title='bbox 1387 2173 1516 2217; x_wconf 78' lang='grc' dir='ltr'><em>μᾶλλον</em></span> <span class='ocrx_word' id='word_1_330' title='bbox 1533 2171 1575 2209; x_wconf 76' lang='grc' dir='ltr'>τοὶ</span> <span class='ocrx_word' id='word_1_331' title='bbox 1590 2169 1640 2217; x_wconf 75' lang='grc' dir='ltr'><em>μή</em></span> <span class='ocrx_word' id='word_1_332' title='bbox 1657 2170 1782 2220; x_wconf 75' lang='grc' dir='ltr'><em>ἔχοντα</em></span> <span class='ocrx_word' id='word_1_333' title='bbox 1800 2170 1940 2217; x_wconf 75' lang='grc' dir='ltr'><em>κάμψιν</em></span> <span class='ocrx_word' id='word_1_334' title='bbox 1957 2171 2033 2206; x_wconf 84' lang='grc' dir='ltr'><em>οἶυν</em></span> <span class='ocrx_word' id='word_1_335' title='bbox 2051 2170 2170 2216; x_wconf 80' lang='grc' dir='ltr'><em>κνήμη</em></span> 
     </span>
     <span class='ocr_line' id='line_1_31' title="bbox 234 2229 2173 2281; baseline -0.005 -7"><span class='ocrx_word' id='word_1_336' title='bbox 234 2230 259 2279; x_wconf 80' lang='grc' dir='ltr'><em>ἤ</em></span> <span class='ocrx_word' id='word_1_337' title='bbox 284 2230 397 2281; x_wconf 74' lang='grc' dir='ltr'>μηρὸς</span> <span class='ocrx_word' id='word_1_338' title='bbox 423 2233 584 2274; x_wconf 62' lang='grc' dir='ltr'>σκέλους)</span> <span class='ocrx_word' id='word_1_339' title='bbox 611 2229 667 2267; x_wconf 78' lang='grc' dir='ltr'>ὅτι</span> <span class='ocrx_word' id='word_1_340' title='bbox 693 2232 867 2280; x_wconf 69' lang='grc' dir='ltr'><em>ἐνδέχεται</em></span> <span class='ocrx_word' id='word_1_341' title='bbox 893 2230 945 2276; x_wconf 76' lang='grc' dir='ltr'><em>μή</em></span> <span class='ocrx_word' id='word_1_342' title='bbox 970 2234 1054 2278; x_wconf 84' lang='grc' dir='ltr'><em>μίαν</em></span> <span class='ocrx_word' id='word_1_343' title='bbox 1081 2233 1168 2269; x_wconf 74' lang='grc' dir='ltr'><em>εἶναι</em></span> <span class='ocrx_word' id='word_1_344' title='bbox 1193 2232 1258 2278; x_wconf 73' lang='grc' dir='ltr'><em>τήν</em></span> <span class='ocrx_word' id='word_1_345' title='bbox 1283 2235 1422 2279; x_wconf 84' lang='grc' dir='ltr'><em>κίνησιν</em></span> <span class='ocrx_word' id='word_1_346' title='bbox 1456 2234 1523 2270; x_wconf 81' lang='grc' dir='ltr'>τοῦ</span> <span class='ocrx_word' id='word_1_347' title='bbox 1548 2233 1698 2273; x_wconf 68' lang='grc' dir='ltr'>σκέλους.</span> <span class='ocrx_word' id='word_1_348' title='bbox 1739 2233 1797 2266; x_wconf 75' lang='grc' dir='ltr'>καὶ</span> <span class='ocrx_word' id='word_1_349' title='bbox 1822 2229 1847 2274; x_wconf 80' lang='grc' dir='ltr'><em>ἤ</em></span> <span class='ocrx_word' id='word_1_350' title='bbox 1872 2229 1994 2266; x_wconf 73' lang='grc' dir='ltr'><em>εὐθεῖα</em></span> <span class='ocrx_word' id='word_1_351' title='bbox 2021 2232 2087 2273; x_wconf 78' lang='grc' dir='ltr'>τῆς</span> <span class='ocrx_word' id='word_1_352' title='bbox 2113 2244 2173 2265; x_wconf 78' lang='grc' dir='ltr'>κε-</span> 
     </span>
     <span class='ocr_line' id='line_1_32' title="bbox 234 2288 2173 2343; baseline -0.002 -13"><span class='ocrx_word' id='word_1_353' title='bbox 234 2295 411 2340; x_wconf 75' lang='grc' dir='ltr'><em>καμμένης</em></span> <span class='ocrx_word' id='word_1_354' title='bbox 436 2295 566 2337; x_wconf 72' lang='grc' dir='ltr'><em>μᾶλλον</em></span> <span class='ocrx_word' id='word_1_355' title='bbox 594 2295 639 2328; x_wconf 75' lang='grc' dir='ltr'><em>ἔν.</em></span> <span class='ocrx_word' id='word_1_356' title='bbox 678 2291 744 2335; x_wconf 71' lang='grc' dir='ltr'><em>τήν</em></span> <span class='ocrx_word' id='word_1_357' title='bbox 771 2293 808 2328; x_wconf 75' lang='grc' dir='ltr'>δὲ</span> <span class='ocrx_word' id='word_1_358' title='bbox 834 2294 1047 2339; x_wconf 70' lang='grc' dir='ltr'><em>κεκαμμένην</em></span> <span class='ocrx_word' id='word_1_359' title='bbox 1068 2297 1128 2331; x_wconf 76' lang='grc' dir='ltr'>καὶ</span> <span class='ocrx_word' id='word_1_360' title='bbox 1154 2295 1305 2343; x_wconf 79' lang='grc' dir='ltr'><em>ἔχουσαν</em></span> <span class='ocrx_word' id='word_1_361' title='bbox 1330 2297 1456 2342; x_wconf 73' lang='grc' dir='ltr'><em>γωνίαν</em></span> <span class='ocrx_word' id='word_1_362' title='bbox 1481 2297 1539 2330; x_wconf 77' lang='grc' dir='ltr'>καὶ</span> <span class='ocrx_word' id='word_1_363' title='bbox 1564 2295 1647 2338; x_wconf 76' lang='grc' dir='ltr'><em>μίαν</em></span> <span class='ocrx_word' id='word_1_364' title='bbox 1672 2293 1731 2328; x_wconf 79' lang='grc' dir='ltr'>καῖ</span> <span class='ocrx_word' id='word_1_365' title='bbox 1757 2288 1800 2328; x_wconf 77' lang='grc' dir='ltr'>ου’</span> <span class='ocrx_word' id='word_1_366' title='bbox 1825 2292 1909 2337; x_wconf 77' lang='grc' dir='ltr'><em>μίαν</em></span> <span class='ocrx_word' id='word_1_367' title='bbox 1934 2291 2089 2339; x_wconf 70' lang='grc' dir='ltr'><em>λέγομεν,</em></span> <span class='ocrx_word' id='word_1_368' title='bbox 2115 2288 2173 2328; x_wconf 78' lang='grc' dir='ltr'>ὅτι</span> 
     </span>
     <span class='ocr_line' id='line_1_33' title="bbox 235 2347 2174 2403; baseline -0.002 -12"><span class='ocrx_word' id='word_1_369' title='bbox 235 2355 408 2403; x_wconf 74' lang='grc' dir='ltr'><em>ἐνδέχεται</em></span> <span class='ocrx_word' id='word_1_370' title='bbox 433 2354 492 2389; x_wconf 69' lang='grc' dir='ltr'>καὶ</span> <span class='ocrx_word' id='word_1_371' title='bbox 517 2351 569 2399; x_wconf 74' lang='grc' dir='ltr'><em>μή</em></span> <span class='ocrx_word' id='word_1_372' title='bbox 601 2351 675 2399; x_wconf 73' lang='grc' dir='ltr'>ἅμα</span> <span class='ocrx_word' id='word_1_373' title='bbox 709 2352 775 2397; x_wconf 80' lang='grc' dir='ltr'><em>τήν</em></span> <span class='ocrx_word' id='word_1_374' title='bbox 810 2355 943 2390; x_wconf 71' lang='grc' dir='ltr'><em>κίνεσιν</em></span> <span class='ocrx_word' id='word_1_375' title='bbox 969 2352 1084 2398; x_wconf 76' lang='grc' dir='ltr'><em>αὐτῆς</em></span> <span class='ocrx_word' id='word_1_376' title='bbox 1118 2354 1211 2392; x_wconf 76' lang='grc' dir='ltr'><em>εἶναι</em></span> <span class='ocrx_word' id='word_1_377' title='bbox 1236 2356 1296 2393; x_wconf 74' lang='grc' dir='ltr'>καὶ</span> <span class='ocrx_word' id='word_1_378' title='bbox 1323 2353 1416 2401; x_wconf 77' lang='grc' dir='ltr'><em>ἅμα·</em></span> <span class='ocrx_word' id='word_1_379' title='bbox 1452 2355 1518 2399; x_wconf 78' lang='grc' dir='ltr'>τῆς</span> <span class='ocrx_word' id='word_1_380' title='bbox 1543 2351 1573 2391; x_wconf 74' lang='grc' dir='ltr'>δ’</span> <span class='ocrx_word' id='word_1_381' title='bbox 1596 2351 1738 2395; x_wconf 58' lang='lat' dir='ltr'>eclesiae</span> <span class='ocrx_word' id='word_1_382' title='bbox 1760 2349 1815 2388; x_wconf 76' lang='grc' dir='ltr'>αἐἱ</span> <span class='ocrx_word' id='word_1_383' title='bbox 1842 2350 1938 2397; x_wconf 73' lang='grc' dir='ltr'>ἅμα,</span> <span class='ocrx_word' id='word_1_384' title='bbox 1974 2354 2032 2388; x_wconf 78' lang='grc' dir='ltr'>καὶ</span> <span class='ocrx_word' id='word_1_385' title='bbox 2059 2347 2174 2388; x_wconf 75' lang='grc' dir='ltr'><em>ου’θὲν</em></span> 
     </span>
     <span class='ocr_line' id='line_1_34' title="bbox 235 2411 2174 2464; baseline -0.003 -13"><span class='ocrx_word' id='word_1_386' title='bbox 235 2414 362 2464; x_wconf 75' lang='grc' dir='ltr'><em>μόριον</em></span> <span class='ocrx_word' id='word_1_387' title='bbox 388 2414 466 2463; x_wconf 79' lang='grc' dir='ltr'><em>ἔχον</em></span> <span class='ocrx_word' id='word_1_388' title='bbox 491 2415 640 2463; x_wconf 68' lang='grc' dir='ltr'>μέγεθος</span> <span class='ocrx_word' id='word_1_389' title='bbox 670 2412 710 2451; x_wconf 77' lang='grc' dir='ltr'>τό</span> <span class='ocrx_word' id='word_1_390' title='bbox 737 2414 797 2460; x_wconf 75' lang='grc' dir='ltr'><em>μὲν</em></span> <span class='ocrx_word' id='word_1_391' title='bbox 830 2412 955 2462; x_wconf 72' lang='grc' dir='ltr'><em>ἠρεμεῖ</em></span> <span class='ocrx_word' id='word_1_392' title='bbox 981 2413 1023 2451; x_wconf 75' lang='grc' dir='ltr'>τό</span> <span class='ocrx_word' id='word_1_393' title='bbox 1057 2417 1095 2452; x_wconf 79' lang='grc' dir='ltr'>δὲ</span> <span class='ocrx_word' id='word_1_394' title='bbox 1127 2419 1293 2460; x_wconf 75' lang='grc' dir='ltr'><em>κινεῖται,</em></span> <span class='ocrx_word' id='word_1_395' title='bbox 1329 2414 1447 2463; x_wconf 72' lang='grc' dir='ltr'><em>ὥσπερ</em></span> <span class='ocrx_word' id='word_1_396' title='bbox 1474 2416 1540 2459; x_wconf 81' lang='grc' dir='ltr'>τῆς</span> <span class='ocrx_word' id='word_1_397' title='bbox 1571 2413 1794 2459; x_wconf 75' lang='grc' dir='ltr'><em>κεκαμμένης.</em></span> <span class='ocrx_word' id='word_1_398' title='bbox 1845 2412 1892 2449; x_wconf 84' lang='lat' dir='ltr'>cf.</span> <span class='ocrx_word' id='word_1_399' title='bbox 1920 2412 2011 2447; x_wconf 84' lang='lat' dir='ltr'>Met.</span> <span class='ocrx_word' id='word_1_400' title='bbox 2048 2411 2099 2459; x_wconf 80' lang='lat' dir='ltr'>X,</span> <span class='ocrx_word' id='word_1_401' title='bbox 2139 2412 2174 2447; x_wconf 88' lang='lat'>1.</span> 
     </span>
     <span class='ocr_line' id='line_1_35' title="bbox 237 2471 2177 2523; baseline -0.002 -12"><span class='ocrx_word' id='word_1_402' title='bbox 237 2475 327 2511; x_wconf 85' lang='lat' dir='ltr'>Met.</span> <span class='ocrx_word' id='word_1_403' title='bbox 344 2476 448 2523; x_wconf 82' lang='lat' dir='ltr'>XIII,</span> <span class='ocrx_word' id='word_1_404' title='bbox 470 2476 506 2511; x_wconf 76' lang='grc'>2.</span> <span class='ocrx_word' id='word_1_405' title='bbox 557 2475 609 2512; x_wconf 78' lang='grc' dir='ltr'>ἔτι</span> <span class='ocrx_word' id='word_1_406' title='bbox 634 2477 704 2511; x_wconf 78' lang='grc' dir='ltr'><em>τίνι</em></span> <span class='ocrx_word' id='word_1_407' title='bbox 729 2477 789 2510; x_wconf 76' lang='grc' dir='ltr'>καῖ</span> <span class='ocrx_word' id='word_1_408' title='bbox 816 2474 895 2511; x_wconf 80' lang='grc' dir='ltr'><em>πότ’</em></span> <span class='ocrx_word' id='word_1_409' title='bbox 920 2475 1020 2512; x_wconf 76' lang='grc' dir='ltr'><em>ἔσται</em></span> <span class='ocrx_word' id='word_1_410' title='bbox 1044 2475 1086 2512; x_wconf 73' lang='grc' dir='ltr'><em>ἓν</em></span> <span class='ocrx_word' id='word_1_411' title='bbox 1110 2477 1156 2512; x_wconf 69' lang='grc' dir='ltr'>τά</span> <span class='ocrx_word' id='word_1_412' title='bbox 1185 2475 1423 2522; x_wconf 68' lang='grc' dir='ltr'>μαθηματικοὶ</span> <span class='ocrx_word' id='word_1_413' title='bbox 1449 2477 1604 2522; x_wconf 74' lang='grc' dir='ltr'>μεγε’θη;</span> <span class='ocrx_word' id='word_1_414' title='bbox 1631 2473 1678 2510; x_wconf 73' lang='lat' dir='ltr'>ro?</span> <span class='ocrx_word' id='word_1_415' title='bbox 1703 2475 1767 2518; x_wconf 75' lang='grc' dir='ltr'><em>μὲν</em></span> <span class='ocrx_word' id='word_1_416' title='bbox 1792 2471 1857 2522; x_wconf 74' lang='grc' dir='ltr'>γοὲρ</span> <span class='ocrx_word' id='word_1_417' title='bbox 1883 2474 2045 2509; x_wconf 79' lang='grc' dir='ltr'><em>ἐνταῦθα</em></span> <span class='ocrx_word' id='word_1_418' title='bbox 2071 2474 2177 2523; x_wconf 63' lang='grc' dir='ltr'>ψυχῇ</span> 
     </span>
     <span class='ocr_line' id='line_1_36' title="bbox 237 2532 1753 2588; baseline -0.002 -16"><span class='ocrx_word' id='word_1_419' title='bbox 237 2532 263 2578; x_wconf 74' lang='grc' dir='ltr'><em>ἤ</em></span> <span class='ocrx_word' id='word_1_420' title='bbox 286 2535 382 2584; x_wconf 70' lang='grc' dir='ltr'><em>μέρει</em></span> <span class='ocrx_word' id='word_1_421' title='bbox 407 2537 530 2585; x_wconf 75' lang='grc' dir='ltr'><strong><em>ψυχῆς</em></strong></span> <span class='ocrx_word' id='word_1_422' title='bbox 557 2533 581 2581; x_wconf 74' lang='grc' dir='ltr'><em>ἦ</em></span> <span class='ocrx_word' id='word_1_423' title='bbox 604 2534 693 2584; x_wconf 73' lang='grc' dir='ltr'>ἄλλῳ</span> <span class='ocrx_word' id='word_1_424' title='bbox 720 2538 786 2573; x_wconf 78' lang='grc' dir='ltr'><em>τινὶ</em></span> <span class='ocrx_word' id='word_1_425' title='bbox 810 2534 951 2584; x_wconf 73' lang='grc' dir='ltr'><em>εὐλόγῳ.</em></span> <span class='ocrx_word' id='word_1_426' title='bbox 1003 2537 1050 2574; x_wconf 85' lang='lat' dir='ltr'>cf.</span> <span class='ocrx_word' id='word_1_427' title='bbox 1076 2536 1123 2575; x_wconf 89' lang='lat' dir='ltr'>de</span> <span class='ocrx_word' id='word_1_428' title='bbox 1149 2539 1265 2576; x_wconf 84' lang='lat' dir='ltr'>Anim.</span> <span class='ocrx_word' id='word_1_429' title='bbox 1287 2538 1353 2588; x_wconf 87' lang='lat'>111,</span> <span class='ocrx_word' id='word_1_430' title='bbox 1384 2538 1419 2574; x_wconf 85' lang='lat'>6.</span> <span class='ocrx_word' id='word_1_431' title='bbox 1471 2536 1562 2571; x_wconf 81' lang='lat' dir='ltr'>Met.</span> <span class='ocrx_word' id='word_1_432' title='bbox 1587 2535 1694 2584; x_wconf 85' lang='lat' dir='ltr'>Vm,</span> <span class='ocrx_word' id='word_1_433' title='bbox 1718 2533 1753 2570; x_wconf 83' lang='lat'>6.</span> 
     </span>
    </p>
   </div>
   <div class='ocr_carea' id='block_1_5' title="bbox 337 2602 2175 2657">
    <p class='ocr_par' dir='ltr' id='par_1_6' title="bbox 337 2602 2175 2657">
     <span class='ocr_line' id='line_1_37' title="bbox 337 2602 2175 2657; baseline -0.001 -16"><span class='ocrx_word' id='word_1_434' title='bbox 337 2602 371 2649; x_wconf 78' lang='lat'>⁶)</span> <span class='ocrx_word' id='word_1_435' title='bbox 404 2604 520 2653; x_wconf 78' lang='lat' dir='ltr'>Phys.</span> <span class='ocrx_word' id='word_1_436' title='bbox 556 2606 608 2655; x_wconf 85' lang='lat' dir='ltr'>V,</span> <span class='ocrx_word' id='word_1_437' title='bbox 638 2606 674 2643; x_wconf 84' lang='grc'>3.</span> <span class='ocrx_word' id='word_1_438' title='bbox 725 2605 878 2657; x_wconf 68' lang='grc' dir='ltr'><em>φανερόν</em></span> <span class='ocrx_word' id='word_1_439' title='bbox 913 2608 950 2643; x_wconf 76' lang='grc' dir='ltr'>δὲ</span> <span class='ocrx_word' id='word_1_440' title='bbox 975 2610 1034 2644; x_wconf 74' lang='grc' dir='ltr'>καὶ</span> <span class='ocrx_word' id='word_1_441' title='bbox 1069 2607 1122 2644; x_wconf 83' lang='grc' dir='ltr'>ὅτι</span> <span class='ocrx_word' id='word_1_442' title='bbox 1158 2610 1302 2657; x_wconf 74' lang='grc' dir='ltr'><em>πρῶτον</em></span> <span class='ocrx_word' id='word_1_443' title='bbox 1334 2606 1377 2643; x_wconf 75' lang='grc' dir='ltr'>τό</span> <span class='ocrx_word' id='word_1_444' title='bbox 1402 2608 1525 2654; x_wconf 62' lang='grc' dir='ltr'><em>ἑφεξῆς</em></span> <span class='ocrx_word' id='word_1_445' title='bbox 1550 2606 1659 2640; x_wconf 71' lang='grc' dir='ltr'><em>ἐστιν·</em></span> <span class='ocrx_word' id='word_1_446' title='bbox 1697 2603 1738 2640; x_wconf 79' lang='grc' dir='ltr'>τό</span> <span class='ocrx_word' id='word_1_447' title='bbox 1772 2606 1837 2649; x_wconf 81' lang='grc' dir='ltr'><em>μὲν</em></span> <span class='ocrx_word' id='word_1_448' title='bbox 1869 2604 1938 2651; x_wconf 64' lang='grc' dir='ltr'>γάρ</span> <span class='ocrx_word' id='word_1_449' title='bbox 1971 2603 2175 2649; x_wconf 71' lang='grc' dir='ltr'><em>ἀπτόμενον</em></span> 
     </span>
    </p>
   </div>
  </div>
 </body>
</html>
