2546 3184
901 879 1594 930 PROOEMIUM.

282 1054 440 1124 Quum
488 1066 762 1109 Parmenides
811 1081 934 1108 unum
979 1071 1199 1112 statuisset
1250 1070 1510 1111 individuum
1558 1069 1796 1109 continuum
1841 1067 1953 1109 Esse
1986 1068 2045 1121 ¹),
2097 1066 2211 1122 quod

280 1148 484 1190 Melissus
531 1151 695 1191 nomine
739 1149 885 1190 infiniti
932 1151 1211 1205 insigniverat
1251 1151 1314 1203 ²),
1364 1152 1654 1205 Anaxagoras
1690 1147 1729 1200 ³)
1779 1153 1823 1190 et
1863 1149 2131 1190 Democritus
2169 1147 2209 1199 ¹²)

280 1228 522 1272 infinitatem
552 1234 782 1287 posuerunt
810 1232 854 1271 in
881 1245 1089 1274 nummero
1128 1237 1171 1274 et
1207 1232 1339 1274 forma
1375 1232 1693 1281 elementorum,
1743 1231 2055 1271 continuitatem
2092 1232 2210 1270 tactu

279 1309 510 1352 effecerunt
540 1308 591 1362 ⁵).
652 1310 775 1352 Zeno
804 1325 947 1352 rursus
976 1311 1053 1353 has
1080 1314 1272 1354 notiones
1299 1314 1576 1367 conjungens,
1605 1308 1942 1364 quemadmodum
1967 1322 2208 1365 repugnan-

279 1390 351 1429 tiis
387 1388 486 1430 inde
525 1388 712 1430 oriundis
750 1395 902 1431 motum
933 1394 1059 1444 ursit,
1111 1397 1155 1434 et
1200 1391 1455 1433 dichotomia
1491 1405 1667 1447 parvum
1708 1403 1896 1445 magnum
1933 1389 2095 1439 effecit,
2148 1390 2209 1429 ita

378 1567 413 1608 ¹)
437 1565 604 1603 Parmen.
627 1567 757 1615 fragm.
783 1578 822 1603 v.
846 1567 907 1603 83.

567 1638 650 1674 οὐδὲ
677 1638 851 1685 διαιρετόν
880 1644 985 1683 ἐστιν,
1013 1645 1087 1677 ἐπεὶ
1112 1640 1181 1677 -πᾶν
1206 1644 1299 1677 ἐστὶν
1326 1640 1468 1686 ὁμοῖον,

573 1698 661 1735 οὐδέ
682 1713 715 1735 τι
743 1699 788 1747 τῇ
811 1699 969 1745 μᾶλλον,
1005 1700 1048 1737 τό
1074 1716 1132 1737 κεν
1159 1700 1265 1749 εἴργοι
1288 1716 1345 1747 μιν
1371 1703 1604 1748 συνέχεσθαι,

567 1758 654 1795 οὐδέ
677 1773 711 1795 τι
738 1760 950 1807 χειρότερον,
978 1762 1047 1798 πᾶν
1074 1762 1102 1797 δ’
1130 1762 1287 1807 ἔμπλεών
1313 1766 1407 1798 ἐστιν
1434 1761 1557 1802 ἐόντος

564 1819 616 1864 τῷ
641 1823 780 1867 συνεχὲς
806 1822 876 1857 πᾶν
903 1825 1016 1866 ἐστίν,
1041 1822 1099 1859 ἐόν
1124 1822 1188 1870 γάρ
1218 1822 1310 1859 ἐόντι
1338 1822 1490 1865 πελάζει.

375 1911 413 1951 2)
440 1907 554 1944 Arist.
581 1908 748 1956 Met-aph.
777 1910 807 1958 I,
834 1909 869 1945 5.
920 1914 1144 1958 Παρμενίδης
1168 1914 1230 1958 μὲν
1258 1909 1322 1960 γάρ
1355 1912 1445 1948 ἔοικε
1471 1911 1537 1947 τοῦ
1564 1907 1656 1946 κατοὶ
1685 1909 1747 1946 τόν
1776 1910 1880 1957 λόγον
1908 1908 1984 1951 ἑνὸς
2010 1908 2207 1952 ἅπτεσθαι,

277 1970 457 2009 Μέλισσος
485 1971 522 2003 δὲ
550 1968 617 2004 τοῦ
643 1968 734 2004 κατοὶ
761 1969 826 2014 τήν
854 1970 962 2015 ὕλην·
990 1971 1044 2007 διό
1071 1977 1128 2006 καὶ
1156 1972 1174 2007 ὀ
1200 1976 1264 2016 μὲν
1292 1975 1573 2017 πεπερασμένον,
1601 1970 1619 2005 ὁ
1646 1969 1675 2005 δ’
1698 1969 1841 2015 ἄπειρόν
1865 1982 1969 2015 φησιν
1995 1969 2081 2004 εἶναι
2106 1968 2207 2006 αὐτό.

275 2027 482 2077 Ξενοφάνης
518 2030 556 2064 δὲ
593 2027 732 2075 πρῶτος
759 2028 894 2066 τούτων
921 2033 1096 2074 ἑνίσας...
1134 2031 1247 2069 οὐθὲν
1282 2030 1529 2080 διεσαφήσισεν
1562 2045 1592 2067 κ.
1610 2044 1639 2067 τ.
1656 2030 1686 2066 λ.
1744 2027 1790 2066 cf.
1814 2027 1968 2064 Brandis
2001 2025 2137 2064 Scholl.
2170 2026 2208 2063 in

276 2087 390 2123 Arist.
414 2099 450 2134 p.
475 2088 561 2122 544.
588 2098 643 2134 sq.
694 2089 808 2124 Arist.
833 2090 949 2136 Phys.
976 2092 1007 2139 1,
1035 2093 1067 2126 1.
1094 2092 1130 2126 2.

374 2177 412 2220 ³)
432 2177 602 2224 Anaxag.
629 2187 687 2224 ap.
714 2177 876 2224 Simplic.
901 2180 938 2214 in
963 2181 1077 2216 Arist.
1103 2181 1220 2229 Phys.
1247 2180 1272 2216 f.
1295 2179 1355 2216 33.
1381 2181 1417 2215 b.
1469 2181 1561 2227 ὁμοῦ
1587 2179 1703 2217 πάντα
1727 2178 1885 2227 χρήματα
1907 2175 1970 2224 ἦν,
1997 2177 2125 2225 ἄπειρα
2149 2182 2209 2213 καὶ

276 2237 422 2286 πλῆθος
444 2241 502 2275 καὶ
529 2238 762 2285 σμικρότητα·
789 2244 847 2276 καὶ
874 2239 938 2288 γάρ
969 2241 1010 2278 τό
1034 2241 1178 2291 σμικρόν
1206 2241 1352 2290 ἄπειρον
1379 2238 1434 2289 ἦν.
1492 2240 1540 2278 cf.
1566 2241 1673 2278 Arist.
1697 2239 1787 2275 Met.
1813 2238 1863 2288 X,
1886 2238 1921 2274 6.
1971 2237 2090 2289 Phys.
2114 2237 2145 2286 1,
2171 2236 2206 2272 4.
2246 2267 2249 2271 .

276 2298 324 2335 de
349 2296 444 2335 Gen.
470 2302 508 2333 et
534 2298 633 2333 Corr.
658 2299 689 2346 Ι,
718 2299 751 2333 1.

373 2385 408 2430 ⁶)
434 2385 549 2423 Arist.
583 2387 629 2423 de
655 2386 749 2424 Gen.
777 2394 813 2425 et
842 2389 942 2426 Corr-
970 2392 1001 2439 Ι,
1027 2392 1060 2427 1.
1112 2393 1334 2441 Δημόκριτος
1362 2396 1400 2429 δὲ
1427 2397 1485 2429 καὶ
1514 2390 1719 2432 Λεύκιππος
1742 2394 1780 2426 ἐκ
1805 2389 1975 2436 σωμάτων
1999 2389 2207 2435 ἀδιαιρέτων

276 2443 393 2484 τᾶλλα
431 2451 644 2496 συγκεῖσθαί
667 2463 773 2497 φασι,
811 2451 926 2488 ταῦτα
958 2452 986 2489 δ’
1016 2453 1143 2501 ἄπειρα
1169 2459 1227 2491 καὶ
1260 2453 1301 2491 τό
1336 2454 1485 2500 πλῆθως
1514 2452 1600 2489 εἶναι
1624 2454 1682 2487 καὶ
1715 2448 1779 2493 τοὶς
1807 2449 1957 2499 μορφάς.
2007 2449 2055 2487 cf.
2087 2448 2207 2498 Phys.

275 2505 342 2554 111,
365 2506 403 2542 4.
454 2507 503 2543 de
529 2507 641 2545 coelo
668 2510 735 2558 111,
761 2510 796 2545 4.
848 2510 974 2559 simpl.
999 2513 1035 2547 in
1061 2513 1177 2561 Phys.
1201 2514 1227 2549 f.
1254 2513 1289 2550 7.
1315 2518 1353 2549 et
1380 2512 1461 2549 106.

375 2596 410 2639 ⁵)
437 2595 552 2636 Arist.
577 2596 693 2645 Phys.
721 2599 789 2647 111,
815 2599 850 2634 4.
902 2600 981 2638 ὅσοι
1015 2601 1043 2637 δ’
1071 2602 1200 2650 ἄπειρα
1225 2602 1366 2639 ποιοῦσι
1399 2601 1444 2639 τοὶ
1478 2608 1650 2648 στοιχεῖα,
1687 2598 1854 2647 καθάπερ
1877 2598 2118 2647 Αναξαγόρας
2149 2603 2208 2635 καὶ

273 2655 567 2705 Δημόκριτος....
591 2659 636 2708 τῇ
659 2660 733 2709 ἁφῇ
758 2665 897 2710 συνεχὲς
925 2663 968 2700 τό
995 2663 1139 2711 ἄπειρον
1165 2665 1251 2701 εἶναι
1274 2665 1389 2711 φασίν.
1757 2708 1785 2752 1
