2546 3184
1246 94 1281 141 8

289 229 445 275 deinde
474 242 531 273 ex
554 228 891 275 non-substrato
922 231 965 274 in
992 228 1269 286 substratum,
1310 244 1418 288 quae
1447 233 1515 276 est
1544 231 1787 289 generatio,
1828 228 2009 286 denique
2040 243 2098 276 ex
2128 231 2230 277 sub-

288 302 502 344 substrato
534 300 575 340 in
604 301 1014 354 non-substratum,
1045 314 1152 356 quae
1183 307 1250 344 est
1280 304 1508 360 corruptio.
1574 301 1744 354 Motus,
1788 302 1857 355 qui
1884 301 2055 357 proprie
2093 315 2230 345 voea-

288 377 355 413 tur
385 375 512 426 atque
543 371 653 413 inter
683 375 899 415 contraria
928 377 1015 426 est,
1046 374 1127 413 tria
1157 377 1254 414 sunt
1285 387 1445 430 genera
1474 375 1517 414 in
1556 374 1789 430 categoriis
1821 371 2038 427 qualitatis
2068 372 2229 416 altera-

287 443 368 492 tio,
396 442 642 496 quantitatis
674 444 865 485 accretio
897 446 940 484 et
971 443 1215 495 imminutio,
1264 445 1390 500 spatii
1420 442 1526 485 latio
1558 442 1611 496 ⁴).
1682 442 1824 485 Omnis
1853 446 1992 485 autem
2016 443 2058 483 in
2085 443 2229 485 m0b²¹i

287 515 424 553 motus
457 517 523 553 est
551 513 797 565 quiescente
829 513 1052 568 qualitate,
1085 515 1338 566 quantita'te,
1370 515 1509 570 spatio
1542 511 1594 565 ⁵).

407 581 543 633 Quum
590 584 802 640 infinitum
845 597 925 625 non
967 584 1023 623 sit
1059 583 1299 639 separabile
1335 597 1362 625 a
1392 582 1605 635 sensibili,
1654 594 1734 624 nec
1765 595 1921 639 corpus
1963 583 2100 639 possit
2131 596 2229 626 esse

285 658 386 695 actu
428 653 651 705 infinitum,
707 668 827 696 omne
872 655 978 696 enim
1030 667 1185 710 corpus
1229 653 1401 697 definite
1446 657 1667 696 extensum
1706 656 1792 705 est,
1842 665 1978 707 neque
2022 667 2130 696 vero
2174 654 2228 697 ab

286 722 426 766 altera
456 728 580 782 parte
611 723 810 767 infinitum
841 737 936 768 esse
968 725 1133 767 omnino
1165 729 1367 781 nequeat,
1399 726 1590 780 quoniam
1619 737 1663 767 v.
1691 736 1728 767 c.
1759 724 1916 767 numeri
1944 726 2040 765 sunt
2067 723 2229 777 infiniti,

286 799 421 837 restat
452 800 500 837 ut
530 795 730 838 infinitum
757 797 812 838 sit
848 797 1050 853 potentia.
1110 795 1318 838 Infinitum
1354 801 1492 839 autem
1522 809 1606 839 non
1636 799 1703 838 est
1732 794 1798 848 id,
1828 798 1953 838 extra
1982 792 2096 850 quod
2123 794 2225 836 nihil

387 1013 422 1057 Δ)
447 1012 565 1062 Phys.
593 1013 645 1063 V,
675 1014 707 1050 1.
759 1018 833 1051 ἐπεὶ
858 1016 896 1050 δὲ
924 1013 1022 1050 πᾶσα
1048 1012 1230 1060 μεταβολή
1263 1017 1356 1050 ἐστιν
1381 1013 1419 1050 ἔκ
1446 1027 1541 1055 τινος
1566 1012 1616 1055 εἴς
1642 1026 1676 1050 τι
1785 1011 2003 1059 μεταβάλλοι
2029 1010 2072 1049 ἂν
2099 1011 2140 1049 τὸ
2167 1026 2227 1059 με·

288 1073 473 1120 ταβάλλον
501 1075 699 1122 τετραχῶς·
724 1073 747 1120 ἢ
775 1074 840 1121 γάρ
868 1075 905 1117 ἐξ
932 1074 1165 1119 ὑποκειμένου
1191 1077 1240 1114 εἰς
1268 1074 1514 1118 ὑποκείμενον,
1546 1072 1569 1118 ἢ
1599 1075 1637 1117 ἐξ
1670 1074 1901 1118 ὑποκειμένου
1931 1076 1980 1112 εἰς
2013 1071 2060 1117 μή
2086 1073 2227 1108 ὑποκεί-

286 1149 409 1180 μενον,
437 1134 459 1180 ἢ
489 1135 554 1171 οὔκ
605 1137 643 1179 ἐξ
668 1135 897 1180 ὑποκειμένου
923 1138 974 1176 εἰς
1001 1135 1243 1179 ὑποκείμενον,
1269 1133 1291 1180 ἢ
1321 1134 1385 1170 οὐκ
1412 1135 1449 1178 ἐξ
1476 1134 1708 1180 ὑποκειμένου
1736 1137 1784 1175 εἰς
1809 1132 1855 1179 μή
1883 1132 2112 1178 ὑποκείμενον
2122 1158 2227 1169 ......

286 1194 379 1231 ὥστε
408 1194 542 1242 ἀνάγκη
571 1199 609 1231 ἐκ
642 1195 713 1232 τῶν
740 1198 924 1241 εἰρημένων
951 1201 1044 1241 τρεῖς
1081 1194 1169 1229 εἶναι
1204 1194 1406 1241 μεταβολάς
1534 1193 1555 1239 ἡ
1585 1193 1650 1241 γάρ
1685 1193 1749 1229 οἰκ
1775 1193 1813 1236 ἐξ
1845 1191 2075 1237 ὑποκειμένου
2103 1195 2152 1232 εἰς
2177 1191 2224 1237 μή

287 1256 518 1300 ὑποκείμενον
544 1256 609 1291 οὐκ
637 1256 711 1292 ἔστι
734 1255 913 1302 μεταβολή
940 1254 999 1291 διά
1023 1254 1063 1291 τό
1090 1254 1137 1301 μή
1166 1256 1252 1292 εἶναι
1276 1255 1349 1291 κατ’
1370 1255 1570 1292 ἀντίθεσιν·
1596 1256 1678 1292 οὔτε
1696 1254 1761 1302 γάρ
1780 1255 1921 1290 ἐναντία
1942 1252 2024 1289 οὔτε
2041 1251 2227 1299 ἀντίφασίς

287 1319 402 1352 ἐστιν·
441 1316 462 1362 ἡ
506 1320 568 1362 μὲν
611 1313 673 1353 οὖν
711 1316 774 1353 οὐκ
812 1317 849 1361 ἐξ
884 1316 1116 1362 ὑποκειμένου
1162 1320 1212 1357 εἰς
1250 1316 1478 1362 ὑποκείμενον
1519 1313 1700 1362 μεταβολὴ
1739 1313 1813 1351 κατ’
1859 1312 2046 1360 άντίφασιυ
2095 1314 2227 1361 γένεσίς

287 1379 383 1411 ἐστιν
406 1402 547 1411 ......
573 1375 594 1413 ἡ
627 1375 654 1411 δ’
686 1377 723 1420 ἐξ
750 1376 978 1422 ὑποκειμένου
1005 1378 1054 1416 εἰς
1088 1375 1153 1411 οὐκ
1191 1375 1418 1421 ὑποκείμενον
1445 1374 1571 1422 φθορά
1597 1402 1710 1411 .....
1745 1374 1922 1410 ἀδύνατον
1949 1371 2013 1420 γάρ
2040 1371 2081 1408 τὸ
2108 1372 2156 1418 μή
2184 1372 2225 1408 ὃν

287 1441 490 1479 κινεῖσθαι,
530 1441 563 1472 εἰ
587 1439 625 1472 δὲ
653 1439 782 1480 τοῦτο,
808 1441 865 1472 καὶ
893 1436 956 1482 τήν
985 1439 1117 1482 γένεσιν
1144 1438 1276 1482 κίνησιν
1303 1436 1406 1471 εἶναι·
1434 1438 1565 1483 γίνεται
1592 1434 1656 1483 γάρ
1683 1434 1724 1471 τὸ
1751 1434 1797 1480 μή
1827 1434 1866 1470 ὄν
1896 1460 1919 1469 ..
1939 1458 1949 1469 .
1968 1458 2029 1468 ...
2063 1431 2104 1468 οὗ
2131 1432 2174 1478 δή
2201 1432 2224 1478 ἡ

286 1496 413 1542 φθορά
442 1498 595 1542 κίνησις·
638 1499 793 1533 ἐναντίον
826 1500 887 1543 μὲν
921 1496 985 1545 γάρ
1013 1498 1144 1544 κινήσει
1172 1497 1194 1544 ἢ
1229 1500 1360 1543 κίνησις
1387 1496 1408 1543 ἢ
1436 1497 1579 1544 ἠρεμία,
1606 1496 1628 1543 ἡ
1655 1499 1692 1533 δὲ
1720 1494 1844 1543 φθορά
1880 1498 2011 1542 γενέσει
2047 1496 2223 1530 ἐναντίον·

286 1561 361 1593 ἐπεὶ
386 1559 424 1592 δὲ
452 1556 551 1592 παῖσα
578 1559 710 1603 κίνησις
735 1557 914 1605 μεταβολή
939 1572 1012 1600 τις,
1046 1560 1241 1606 μεταβολαὶ
1268 1560 1305 1594 δὲ
1332 1565 1424 1605 τρεῖς
1450 1561 1486 1594 αἱ
1512 1560 1696 1605 εἰρεμέναι,
1722 1555 1859 1592 τούτων
1886 1557 1923 1590 δὲ
1952 1556 1988 1589 αἱ
2013 1552 2105 1589 κατὰ
2131 1557 2225 1600 γένε’·

286 1630 340 1653 σιν
365 1622 424 1653 καὶ
449 1617 595 1664 φθοράν
623 1618 664 1653 οὐ
693 1618 861 1663 κινήσεις,
888 1617 995 1655 αὗται
1021 1618 1050 1654 δ’
1082 1623 1167 1655 εἰσὶν
1195 1623 1232 1655 αἱ
1257 1618 1330 1654 κατ’
1360 1618 1567 1665 ἀντιίῐασιν,
1601 1616 1736 1663 ἀνάγκη
1763 1615 1827 1661 τήν
1855 1616 1892 1658 ἐξ
1918 1613 2149 1659 ὑποκειμένου
2176 1617 2226 1655 εἰς

286 1678 517 1723 ὑποκείμενον
556 1678 758 1726 μεταβολήν
796 1682 927 1726 κίνησιν
963 1680 1051 1717 εἶναι
1084 1679 1212 1726 μόνην·
1256 1689 1335 1727 cap.
1361 1679 1398 1715 2.
1435 1684 1509 1716 ἐπεὶ
1536 1681 1573 1716 δὲ
1601 1677 1684 1715 οὔτε
1713 1675 1835 1718 οὐσίας
1873 1674 1956 1712 οὔτε
1985 1674 2051 1711 τοῦ
2077 1673 2165 1721 πρός
2191 1688 2225 1711 τι

286 1738 370 1775 οὔτε
400 1739 467 1774 τοῦ
494 1747 607 1775 ποιεῖν
634 1744 692 1775 καὶ
717 1738 871 1787 πάσχειν,
899 1742 1054 1777 λείπεται
1090 1740 1180 1776 κατὰ
1211 1740 1252 1777 τό
1280 1740 1383 1777 ποιὸν
1417 1745 1475 1776 καὶ
1509 1738 1551 1775 τό
1582 1736 1694 1774 ποσὸν
1727 1741 1785 1772 καὶ
1811 1735 1852 1772 τό
1882 1735 1953 1771 ποῦ
1978 1737 2111 1781 κίνησιν
2138 1734 2225 1770 εἶναι

284 1800 415 1845 μόνον·
452 1804 488 1836 ἐν
516 1801 654 1844 ἑκάστῳ
681 1800 745 1847 γάρ
774 1806 847 1837 ἐστι
873 1802 1008 1838 τούτων
1037 1805 1256 1842 ἐναντίωσις·
1295 1802 1317 1847 ἡ
1353 1805 1415 1847 μὲν
1443 1798 1506 1838 οὖν
1530 1798 1621 1836 κατὰ
1657 1797 1698 1835 τό
1734 1795 1836 1833 ποιὸν
1870 1798 2005 1842 κίνησις
2036 1795 2225 1838 ἀλλοίωσις

285 1859 376 1895 ἔστω
403 1886 412 1895 .
432 1888 439 1895 .
457 1889 464 1896 .
482 1888 490 1896 .
528 1863 617 1908 λέγω
650 1864 688 1898 δὲ
725 1858 764 1897 τό
791 1858 890 1898 ποιόν
930 1861 971 1898 οὐ
1006 1861 1047 1899 τό
1078 1867 1113 1899 ἐν
1141 1862 1186 1910 τῇ
1215 1865 1310 1908 ουσία
1336 1890 1344 1898 .
1366 1894 1370 1898 .
1390 1889 1398 1898 .
1417 1890 1424 1897 .
1465 1859 1558 1897 ἀλλά
1584 1858 1625 1896 τὸ
1654 1856 1881 1904 παθητικόν,
1917 1855 2000 1892 καθ’
2037 1854 2056 1892 ὃ
2085 1857 2225 1903 λέγεται

285 1920 433 1967 πάσχειν
471 1920 493 1967 ἢ
530 1921 676 1963 ἀπαθὲς
712 1922 814 1958 εἶναι·
848 1922 869 1968 ἡ
907 1925 944 1959 δὲ
985 1921 1076 1959 κατά
1113 1921 1153 1958 τό
1187 1922 1312 1964 ποσόν,
1347 1921 1387 1958 ‘ro‘
1415 1924 1477 1968 μὲν
1504 1919 1624 1957 κοινὸν
1650 1918 1852 1964 ἀνώνυμον,
1887 1915 1969 1952 καθ’
1998 1914 2163 1961 ἑκάτερον
2194 1913 2225 1950 δ’

286 1980 433 2026 αὔξησις
454 1987 512 2017 καὶ
540 1985 671 2028 φθίσις
682 2010 799 2018 .....
837 1982 859 2027 ἡ
886 1985 922 2018 δὲ
951 1982 1042 2019 κατά
1066 1982 1178 2019 τόπον
1213 1987 1271 2018 καὶ
1305 1982 1346 2019 τὸ
1383 1981 1500 2019 κοινὸν
1533 1985 1590 2017 καὶ
1616 1978 1658 2016 τὸ
1693 1977 1782 2015 ἴδιον
1819 1976 2026 2023 ἀνώνυμος,
2069 1975 2158 2012 ἔστω
2185 1977 2224 2012 δὲ

286 2040 381 2086 φορά
407 2043 607 2088 καλουμένη
636 2042 678 2078 τὸ
705 2042 832 2079 κοινόν.
882 2042 929 2078 cf.
954 2042 1045 2078 Met.
1071 2042 1139 2091 XI,
1169 2042 1226 2078 11.
1250 2052 1306 2089 sq.

387 2122 421 2162 ⁵)
459 2121 576 2169 Phys.
617 2122 683 2168 III,
725 2121 760 2157 3.
811 2121 982 2169 φανερόν,
1021 2122 1077 2159 ὅτι
1109 2127 1203 2158 ἐστὶν
1237 2122 1258 2168 ἡ
1296 2125 1427 2168 κίνησις
1461 2126 1498 2158 ἐν
1539 2121 1590 2165 τῷ
1622 2119 1769 2165 κινητῷ·
1811 2118 2005 2164 ἐντελέχεια
2040 2114 2106 2162 γάρ
2149 2118 2224 2150 ἐστι

285 2182 419 2217 τούτου
447 2197 476 2217 κ.
507 2197 537 2220 τ.
567 2185 597 2218 λ.
650 2183 702 2229 V,
733 2183 765 2217 1.
792 2187 865 2218 ἐπεὶ
891 2183 920 2218 δ’
945 2182 1017 2218 ἔστι
1043 2187 1106 2227 μέν
1133 2197 1165 2219 τι
1193 2181 1233 2218 vo*
1262 2183 1380 2218 κινοῦν
1408 2182 1565 2228 πρῶτον,
1603 2180 1676 2217 ἔστι
1705 2181 1747 2216 δέ
1771 2192 1805 2214 τι
1843 2176 1883 2214 τό
1911 2175 2138 2223 κινούμενον,
2172 2174 2224 2211 ἔτι

285 2246 321 2279 ἐν
349 2239 396 2287 ὦ,
425 2243 442 2279 ὁ
469 2242 616 2291 χρόνος,
658 2248 716 2279 καὶ
742 2242 840 2290 παρά
866 2243 979 2280 ταῦτα
1006 2245 1042 2288 ἐξ
1070 2241 1113 2281 οὗ
1140 2248 1198 2280 καὶ
1224 2247 1273 2285 εἰς
1300 2242 1339 2280 ὅ·
1382 2243 1480 2279 πᾶσα
1507 2241 1572 2291 γὰρ
1599 2244 1732 2288 κίνησις
1757 2239 1796 2276 ἔκ
1823 2252 1917 2280 τινος
1942 2236 1991 2279 εἴς
2020 2246 2071 2273 τι·
2103 2236 2223 2282 ἕτερον

284 2304 352 2351 γάρ
382 2305 423 2339 τό
453 2305 592 2350 πρῶτον
619 2304 824 2349 κινούμενον
851 2309 907 2339 καὶ
933 2308 981 2346 εἰς
1008 2304 1025 2341 ὃ
1054 2313 1198 2341 κινεῖται
1232 2309 1289 2340 καὶ
1316 2305 1353 2348 ἐξ
1381 2302 1445 2348 οὖ,
1480 2302 1554 2340 οἷον
1582 2302 1623 2339 τό
1651 2302 1759 2346 ξύλον
1786 2305 1843 2336 καὶ
1868 2298 1909 2336 τὸ
1936 2297 2072 2345 θερμόν
2096 2301 2154 2334 καὶ
2181 2295 2223 2333 τὸ

283 2364 441 2413 ψυχρόν·
469 2365 605 2401 τούτων
633 2368 670 2402 δὲ
698 2364 739 2401 ‘ro
765 2368 826 2411 μὲν
853 2363 893 2407 ὅ,
920 2363 960 2402 τό
983 2365 1011 2402 δ’
1029 2370 1077 2408 εἰς
1095 2365 1135 2410 ὅ,
1163 2364 1204 2403 τὸ
1233 2365 1261 2402 δ’
1278 2366 1316 2410 ἐξ
1346 2363 1406 2402 οὖ·
1431 2365 1453 2413 ἠ
1482 2363 1525 2412 δή
1550 2367 1684 2411 κίνησις
1699 2363 1807 2410 δῆλον
1825 2360 1881 2399 ὅτι
1896 2364 1932 2397 ἓν
1952 2360 2003 2404 Τᾦ
2023 2358 2132 2403 ξύλῳ,
2159 2356 2224 2395 ⁰¹38

284 2429 319 2461 ἐν
347 2425 398 2470 τῷ
428 2425 530 2462 εἴδει·
568 2427 651 2462 οὔτε
679 2425 744 2473 γιὶρ
782 2427 974 2462 κινεῖ.οί·’τε
1002 2435 1145 2463 κινεῖται
1186 2426 1227 2462 τὸ
1261 2426 1353 2468 εἶδος
1378 2425 1399 2472 ἢ
1427 2426 1446 2462 ὁ
1479 2425 1591 2466 τόπος
1616 2423 1638 2471 ἣ
1674 2424 1716 2460 τό
1745 2423 1902 2459 τοσόνδε.
1955 2420 2048 2455 Met.
2073 2418 2161 2466 XII,
2187 2418 2221 2454 2.

284 2486 417 2533 ἀνάγκη
444 2487 586 2523 ὑπεῖναί
607 2501 640 2522 τι
667 2486 708 2523 τό
735 2487 960 2533 μεταβάλλον
985 2491 1034 2529 εἰς
1060 2487 1124 2534 τήν
1151 2490 1370 2524 ἐναντίωσιν·
1397 2487 1437 2523 οὐ
1464 2486 1528 2534 γάρ
1552 2485 1596 2523 τά
1622 2488 1764 2523 ε’ναντιά
1789 2482 2024 2531 μεταβάλλει.
2043 2508 2051 2517 ·
2067 2507 2075 2516 ι
2094 2507 2102 2515 ·
2128 2479 2222 2517 ἔστιν

284 2546 351 2592 ἄρα
381 2561 413 2582 τι
447 2550 566 2594 τρίτον
595 2546 690 2593 παραὶ
717 2546 762 2583 τά
790 2549 951 2590 ἐναντία,
985 2547 1006 2585 ἦ
1034 2548 1100 2594 ὕλη
1121 2575 1262 2584 ......
1304 2551 1352 2589 εἰς
1379 2546 1597 2589 ἐναντιώσεις
1631 2545 1676 2583 οἶν
1699 2546 1765 2583 εἷεν
1796 2544 1860 2586 τοὶς
1886 2541 1971 2580 καθ’
2006 2541 2154 2578 ἕκαστον
2186 2542 2223 2575 αἱ

281 2609 498 2653 μεταβολαί·
534 2607 670 2655 ἀνάγκη
696 2608 738 2654 δή
763 2608 998 2654 μεταβάλλειν
1025 2608 1088 2655 τήν
1116 2609 1204 2655 ὕλην
1231 2612 1426 2655 δυναμένην
1451 2607 1565 2655 ἄμφω.
