2546 3184
1230 104 1292 151 14

410 244 658 297 Priusquam
688 240 746 284 ad
772 244 920 284 cetera
949 239 1216 295 accedamus,
1247 243 1289 282 in
1319 241 1385 282 his
1415 239 1726 284 definitionibus
1750 240 2038 284 examinandis
2061 243 2232 301 paullu-

290 315 373 355 lum
403 313 692 355 subsistamus.
755 311 881 364 Quod
912 315 1151 355 continuum
1176 312 1286 355 idem
1319 316 1444 366 atque
1480 311 1660 354 haerens
1696 311 1874 366 dicitur,
1907 315 1996 371 jam
2019 316 2232 371 suspicio·

290 398 382 427 nem
427 388 574 428 movet
611 397 695 427 non
744 386 980 426 arcuratam
1024 382 1118 426 fore
1154 396 1181 425 a
1218 384 1500 440 contiguitate
1545 381 1868 428 distinctionem.
1943 384 2054 428 Dico
2093 388 2232 429 autem

291 453 407 511 ἁφήν
441 458 538 498 sive
582 452 799 495 ἅπτεσθαι
838 456 1170 510 contiguitatem.
1246 454 1317 496 Ac
1358 467 1514 496 revera
1559 456 1814 496 continuitas
1862 456 1906 496 in
1951 458 2232 513 contiguitate

289 527 428 567 finium
467 529 635 583 ponitur
666 527 727 566 ita
766 530 927 576 tamen,
963 530 1009 565 ut
1036 525 1139 567 fines
1176 539 1259 567 non
1292 527 1382 580 jam
1420 524 1733 577 discernantur,
1786 524 1865 566 sed
1903 539 2026 567 unum
2060 527 2162 569 fiant
2188 533 2232 570 et

289 598 608 648 contineantur,
644 600 669 639 i.
702 610 739 638 e.
777 597 964 638 continui
997 597 1092 637 sint.
1152 596 1216 637 At
1262 595 1437 652 adjecta
1482 599 1548 638 est
1587 597 1752 637 unionis
1790 600 1903 638 nota.
1960 596 2093 647 Quasi
2122 613 2231 641 vero

288 669 480 724 contigui
511 667 669 722 πέρατα
701 668 727 707 i.
758 680 796 708 e.
826 665 950 717 fines,
991 667 1061 721 qui
1091 668 1335 709 necessario
1367 670 1464 708 sunt
1490 665 1632 719 simul,
1664 665 1848 708 discerni
1877 673 2053 724 possent
2083 672 2128 711 et
2148 683 2231 712 non

288 740 330 779 in
359 752 481 779 unum
514 737 818 780 coinciderent.
881 738 1002 794 Ergo
1032 740 1271 780 continuum
1304 738 1504 781 habemus
1543 738 1723 793 aequale
1755 739 1977 795 contiguo,
2015 738 2091 781 vel
2119 739 2232 795 quod

287 808 398 852 idem
430 809 565 852 solum
596 811 852 864 contiguum.
915 807 1117 865 Contigui
1149 811 1257 852 enim
1287 807 1413 864 ἄκρα,
1446 823 1553 863 quae
1576 812 1897 865 interpretamur
1927 811 2104 865 πέρατα,
2135 815 2232 851 sunt

286 880 422 923 simul.
485 878 638 925 Itane?
685 878 822 925 Simul
860 886 926 924 est
972 881 1014 923 in
1051 894 1134 925 uno
1178 880 1346 937 aequali
1387 880 1510 935 loco,
1554 895 1660 924 unus
1707 884 1846 925 autem
1891 879 1961 925 hic
1998 879 2121 925 locus
2164 886 2231 926 est

286 957 464 995 auctore
502 952 764 1005 Aristotele,
803 950 1057 994 Alexandro
1097 950 1383 1010 adstipulante
1419 953 1641 995 continuus
1667 952 1720 1006 ⁶²).
1789 951 1911 1009 Ergo
1949 966 1975 993 a
2014 953 2231 1008 contiguo,

287 1023 401 1078 quod
447 1024 582 1065 solum
627 1030 793 1065 restare
835 1022 1082 1075 videbatur,
1128 1038 1272 1065 rursus
1311 1023 1445 1065 delati
1491 1038 1630 1065 sumus
1676 1022 1732 1064 ad
1760 1026 2011 1065 continuum.
2081 1022 2232 1065 Rediit

284 1100 510 1151 praeterea
548 1093 779 1151 disputatio
811 1093 1016 1146 feliciter,
1056 1092 1166 1136 unde
1206 1107 1382 1150 egressa
1421 1099 1499 1137 est.
1560 1095 1645 1137 Hic
1685 1094 1871 1136 circulus
1908 1093 1978 1136 hic
2018 1093 2110 1136 illic
2141 1108 2230 1154 am-

284 1165 398 1222 plior
430 1166 570 1207 evasit
599 1170 714 1207 motu
753 1170 945 1219 tanquam
976 1179 1092 1207 novo
1131 1166 1313 1208 articulo
1354 1164 1521 1208 adscito
1553 1164 1605 1218 ³).
1673 1164 1830 1218 Neque
1869 1163 2089 1218 quidquam
2126 1179 2229 1222 pro-

285 1236 374 1278 ficit
406 1234 660 1277 Alexander
687 1233 727 1288 Α]
768 1234 1039 1278 distinctione
1079 1234 1289 1288 adhibita,
1327 1240 1517 1278 extrema
1548 1239 1592 1277 et
1626 1239 1770 1292 partes
1801 1248 1897 1277 esse
1927 1248 2090 1288 eorum,
2122 1248 2230 1290 quo-

285 1320 373 1348 rum
406 1312 595 1348 extrema
626 1308 731 1358 sint,
769 1310 812 1348 et
841 1306 965 1357 fines3
1007 1306 1129 1347 simul
1158 1320 1255 1350 esse
1282 1312 1325 1349 et
1364 1309 1602 1349 continuum
1634 1310 1678 1348 et
1709 1305 1963 1363 adaptatum.
2025 1305 2231 1358 Quoniam

286 1391 339 1419 ne
381 1379 490 1418 inter
526 1376 731 1432 adaptata
769 1377 933 1431 quidem
972 1377 1193 1431 quidquam
1226 1380 1424 1418 statuitur
1464 1391 1560 1419 esse
1596 1377 1795 1429 medium,
1835 1377 1939 1418 fines
1984 1379 2229 1419 necessario

286 1447 544 1491 coincidunt.
615 1447 771 1491 Partes
810 1462 917 1492 vero
956 1461 1192 1506 corporeae
1237 1449 1388 1494 eodem
1419 1451 1460 1491 in
1496 1449 1595 1493 loco
1638 1462 1734 1492 esse
1772 1462 1855 1492 non
1885 1452 2074 1505 possunt.
2137 1446 2229 1491 Sed

389 1656 424 1700 2)
449 1657 566 1706 Phys.
594 1660 625 1707 1,
651 1658 687 1694 2.
738 1660 872 1704 λέγεται
898 1656 929 1694 δ’
952 1658 992 1693 ἲν
1021 1658 1044 1702 ἦ
1070 1658 1110 1695 τό
1137 1662 1280 1709 συνεχές
1303 1675 1333 1696 κ.
1359 1677 1389 1697 τ.
1415 1665 1443 1697 λ.
1503 1661 1595 1696 Met.
1622 1660 1674 1708 V,
1703 1660 1736 1694 6.
1778 1660 1850 1694 τῶν
1876 1660 1913 1694 δὲ
1939 1656 2024 1694 καθ’
2050 1657 2160 1694 ἑαυτά
2186 1658 2226 1694 ἓν

285 1721 478 1767 λεγομένων
514 1717 559 1754 τά
595 1722 657 1764 μὲν
698 1721 830 1767 λέγεται
864 1722 915 1767 τῷ
951 1723 1084 1768 συνεχῆ
1113 1721 1203 1757 εἶναι
1239 1736 1268 1756 κ,
1297 1737 1324 1756 τ.
1351 1726 1378 1759 λ.
1439 1722 1485 1757 cf.
1523 1722 1614 1756 Met.
1651 1721 1701 1769 X,
1739 1721 1771 1755 1.
1824 1719 1988 1767 Simplic.
2026 1719 2073 1754 ad
2107 1719 2225 1767 Phys.

285 1779 310 1815 f.
339 1778 425 1816 203.
452 1780 485 1815 b.
536 1781 590 1821 τίς
617 1779 638 1816 ὁ
663 1782 713 1822 εἷς
738 1780 848 1823 τόπος
865 1809 872 1816 .
891 1809 898 1816 .
916 1809 923 1816 .
940 1808 947 1816 .
981 1783 1192 1828 διακριτέον.
1233 1784 1281 1823 εἷς
1307 1784 1369 1827 μὲν
1393 1778 1456 1818 οὖν
1483 1783 1599 1824 ἐστίν,
1634 1779 1682 1822 ὥς
1707 1794 1817 1826 ᾳησιν
1843 1777 2095 1828 Ἀλέξανδρος,
2130 1778 2151 1816 0‘
2176 1777 2226 1824 μή

285 1841 496 1891 διῃρημένος
531 1838 619 1876 duci
648 1840 819 1888 συνεχής,
862 1842 914 1889 τῷ
937 1843 999 1877 καῖ
1026 1840 1120 1879 αὐτοὶ
1146 1841 1222 1889 ἅμα
1247 1843 1412 1891 λεγόμενα
1438 1843 1476 1879 ἐν
1501 1842 1601 1889 τόπῳ
1628 1842 1765 1890 συνεχῆ
1789 1838 1955 1884 dmum
1979 1840 2087 1885 εἶναι,
2113 1838 2162 1882 αἷς
2179 1837 2225 1875 ta*

284 1915 345 1936 του
375 1903 546 1949 συνεχοῦς
570 1901 668 1950 μέρη.

384 1981 419 2022 3)
445 1982 536 2017 Met.
571 1982 623 2030 V,
658 1982 694 2017 6.
748 1984 892 2031 συνεχὲς
930 1985 967 2019 δὲ
1001 1984 1153 2031 λέγεται,
1197 1980 1239 2019 οὗ
1275 1986 1410 2029 κίνησις
1442 1987 1504 2030 μία
1540 1982 1625 2021 καθ’
1663 1981 1752 2019 miro*
1788 1984 1848 2018 καῖ
1874 1983 1925 2027 μή
1966 1981 2076 2018 οἷόντε
2103 1981 2226 2023 ἄλλως.

283 2040 329 2078 cf.
359 2041 451 2076 Met.
480 2041 529 2090 X,
559 2042 592 2078 1.
645 2042 766 2079 Unum
791 2054 881 2079 vero
907 2049 1041 2080 motum
1074 2055 1162 2079 esse
1188 2046 1393 2081 continuum
1419 2046 1567 2093 copiose
1600 2045 1802 2092 explicatur
1825 2042 1943 2091 Phys.
1967 2042 2021 2091 V,
2046 2043 2082 2078 4.

386 2121 421 2163 (ι)
449 2119 612 2169 Simplic.
647 2122 672 2158 f.
708 2122 795 2160 204.
848 2124 941 2169 ζητεῖ
975 2125 1040 2169 μὲν
1075 2124 1112 2161 ἐν
1139 2125 1282 2167 τούτοις
1315 2127 1427 2168 καλῶς
1453 2125 1473 2162 ὁ
1499 2124 1748 2171 Ἀλέξανδρος,
1776 2120 1899 2166 ἐπειδή
1924 2123 2034 2170 διχῶς
2058 2120 2105 2158 ta*
2132 2121 2226 2170 ἄκρα

281 2182 432 2229 λέγεται,
462 2181 506 2218 τα“
533 2183 594 2228 μὲν
622 2182 671 2226 οἷς
696 2184 787 2234 με’ρη
813 2185 887 2221 τῶν
914 2180 964 2221 ὧν
990 2185 1089 2222 ἐστὶν
1115 2183 1224 2235 ἄκρα,
1250 2185 1297 2223 ra*
1324 2187 1361 2224 δὲ
1387 2186 1436 2230 οἷς
1462 2187 1610 2236 πέρατα,
1637 2187 1721 2222 ποῖα
1736 2186 1807 2222 τῶν
1823 2182 1896 2234 ἄρα
1913 2182 2123 2229 α’πτομένων
2138 2182 2226 2220 εἶναι

282 2241 356 2286 ἅμα
385 2243 493 2287 ᾳησῐν
510 2270 517 2277 .
536 2270 542 2277 .
562 2271 569 2278 .
606 2245 754 2280 δυίαιαι
788 2246 845 2287 δὲ,
883 2248 988 2291 ᾳησί,
1023 2250 1071 2282 ra*
1097 2246 1173 2292 ἅμα
1200 2250 1266 2284 νῦν
1292 2246 1375 2283 α’ντῖ
1399 2249 1464 2284 τοῦ
1487 2245 1693 2295 ἐφαρμόζειν
1717 2247 1847 2293 λέγειν·
1889 2242 1935 2280 τοῖ
1960 2242 2031 2291 7⁰29
2056 2242 2224 2291 filiam&-

283 2303 387 2345 ζοντα
416 2303 577 2347 ἀλλήλοις
604 2305 663 2341 καὶ
689 2304 783 2350 ἅμα·
809 2303 960 2343 ἅπτεται
986 2302 1047 2344 οὖν
1072 2315 1186 2345 ταῦτα
1212 2306 1389 2352 α’λλήλων,
1424 2304 1474 2345 ὧν
1508 2309 1553 2345 τοὶ
1579 2309 1715 2355 πέρατα
1750 2304 1940 2353 ε’ᾳαρμόζδι
1965 2302 2139 2349 dubl-Oce,
2165 2305 2226 2340 καῖ

282 2361 397 2406 οὕτως
424 2363 519 2400 ἐστίν
546 2362 639 2409 ἅμα·
674 2364 714 2402 τό
741 2364 811 2417 γάρ
838 2367 1013 2415 πρότερον
1049 2370 1234 2418 εἰρημένον
1260 2367 1333 2415 ἅμα
1365 2367 1432 2418 οὐχ
1458 2368 1600 2412 ὁπλαῖς,
1636 2366 1707 2405 ἀλλ’
1732 2368 1785 2411 ὥς
1808 2366 2016 2415 προσέθηκε
2041 2363 2133 2402 uara*
2159 2363 2224 2401 τό·

281 2437 360 2459 πον.
407 2426 468 2460 καὶ
502 2427 554 2469 εἴη
590 2424 654 2467 ἄν,
689 2428 796 2472 φησί,
832 2429 940 2464 τοῦτο
975 2427 1052 2465 ἄλλο
1079 2430 1337 2476 σημαινόμενον
1361 2431 1427 2466 τοῦ
1451 2428 1535 2476 ἅμα.
1580 2430 1617 2465 ἐν
1644 2428 1689 2473 δὴ
1715 2429 1853 2469 τούτοις
1879 2425 2012 2475 α’πορεῒ
2034 2426 2177 2466 δικαίως
2203 2423 2225 2460 o‘

273 2480 518 2540 Ἀλεξανδρος,
556 2484 623 2529 τήν
658 2489 725 2523 τοῦ
762 2485 838 2533 ἅμα
864 2489 1026 2536 ἐξήγησιν
1060 2491 1193 2527 ἑαυτοῦ
1216 2492 1423 2537 φυλάττων,
1473 2487 1559 2527 καθ’
1585 2489 1628 2535 ἢν
1653 2489 1743 2537 ἔλεγε
1769 2487 1812 2526 τοὶ
1846 2487 1921 2534 ἅμα
1960 2488 2097 2535 συνεχῆ
2119 2485 2222 2527 dvm,

281 2545 361 2586 πῶς
386 2546 463 2581 τῶν
489 2545 700 2592 α’πιομένων
726 2545 800 2594 ἅμα
827 2550 872 2585 τοὶ
899 2551 1036 2597 πέρατα
1061 2551 1183 2596 ἔσταῌ
1211 2554 1269 2588 καὶ
1294 2548 1525 2601 α’ναγκοῖζεται
1550 2549 1631 2589 ἄλλο
1657 2552 1727 2588 τοῦ
1751 2548 1826 2597 ἅμα
1843 2545 2097 2596 σημαινόμενον
2119 2545 2221 2583 εἰσοί-

281 2617 372 2651 7ειν,
398 2604 439 2641 to*
466 2607 684 2652 ἐφαρμόζου·
709 2608 784 2644 ἔστι
809 2612 846 2645 δε
872 2610 937 2647 οὐκ
961 2611 1065 2654 ἄλλο,
1091 2611 1180 2648 α’λλοῖ
1206 2612 1329 2649 ἄλλων.
