2546 3184
1204 94 1270 139 27

267 243 390 286 quum
419 231 477 272 sit
504 228 663 272 infinite
692 227 930 283 dividuum,
961 242 1044 272 non
1075 233 1220 272 exstat
1249 230 1409 272 initium
1438 229 1694 281 mutationis,
1725 230 1916 284 quoniam
1946 243 2068 286 quam
2092 229 2208 273 velis

266 314 442 359 parvam
475 301 676 358 temporis
720 301 970 358 particulam
1016 303 1235 354 sumseris,
1280 315 1372 344 eam
1417 302 1580 359 poteris
1614 314 1759 342 rursus
1802 300 2019 355 dividere,
2061 303 2123 344 ita
2161 306 2208 343 ut

265 369 442 430 semper
462 375 562 413 ante
588 372 747 413 initium
773 374 1013 415 mutationis
1043 372 1172 416 fuerit
1201 374 1388 416 mutatio.
1420 416 1423 418 ,
1451 371 1552 416 Nec
1582 374 1690 429 ejus,
1721 371 1834 426 quod
1856 377 2048 425 mutatur,
2079 371 2205 428 quid-

266 458 390 500 quam
420 446 507 493 est,
535 442 648 497 quod
680 445 852 500 primum
882 448 1075 487 mutetur.
1135 443 1235 487 Hoc
1263 449 1349 498 est,
1397 443 1510 500 quod
1539 448 1693 487 motum
1725 448 1812 495 est,
1841 449 1939 486 ante
1970 449 2204 496 moveatur,

267 513 381 570 quod
418 518 633 567 movetur,
675 518 774 557 ante
803 519 957 557 motum
997 518 1053 557 sit
1090 528 1271 558 necesse
1315 519 1395 558 est.
1464 515 1582 558 Idem
1612 514 1734 556 valet
1770 514 1824 556 de
1856 518 2130 570 generatione
2160 521 2205 558 et

265 586 536 642 corruptione
565 586 645 637 ita,
676 589 721 626 ut
754 598 884 639 queas
914 585 1082 638 dicere,
1121 585 1234 641 quod
1264 591 1508 642 generatum
1539 590 1627 638 est,
1669 589 1768 627 ante
1800 593 2049 640 generetur,
2091 585 2202 640 quod

263 661 516 712 generatur,
545 660 643 697 ante
674 660 919 710 generatum
950 659 1006 698 sit
1036 670 1216 700 necesse
1247 662 1313 701 est
1342 657 1395 711 ²).
1456 657 1594 701 Porro
1637 658 1680 698 in
1719 654 1805 708 his,
1858 669 1963 710 quae
1994 658 2202 713 pertinent

263 726 320 770 ad
365 730 539 780 motum,
585 727 789 770 rationem
829 726 934 769 finiti
980 725 1037 769 ad
1072 726 1273 770 infinitum
1302 728 1502 771 absonam
1540 741 1638 770 esse
1673 726 1993 768 demonstratur.
2055 728 2201 781 Itaque

262 811 346 842 non
398 801 543 841 exstat
597 801 734 840 motus
788 798 970 840 infinitus
1024 799 1141 841 finito
1197 805 1383 857 tempore
1428 800 1479 852 ³).
1555 799 1708 854 Pergit
1755 797 2044 850 Aristoteles,
2096 812 2201 853 quae

262 869 412 911 valent
444 867 498 910 de
529 873 663 919 motu,
709 882 762 910 ea
793 868 938 911 dicere
971 869 1025 911 de
1056 870 1202 911 ultima
1240 878 1374 914 motus
1405 870 1635 928 particula,
1681 884 1762 924 qua
1809 870 1891 910 itur
1936 868 1991 911 ad
2039 874 2200 911 statum.

262 940 399 995 Igitur
437 938 715 992 quodcunque
760 942 976 992 consistit,
1023 954 1144 995 quum
1186 943 1399 995 consistit,
1442 945 1647 985 movetur.
1711 938 1925 994 Quidquid
1966 939 2021 980 ad
2052 945 2202 981 statum

263 1007 502 1062 contendit,
545 1008 589 1051 id
618 1010 660 1052 in
690 1013 877 1067 tempore
907 1009 964 1053 ad
995 1024 1088 1053 eum
1113 1011 1351 1065 contendit,
1397 1017 1524 1067 atque
1555 1014 1597 1052 in
1633 1011 1822 1065 qualibet
1853 1013 1973 1050 istius
2006 1013 2201 1066 temporis

262 1085 384 1138 parte
415 1084 621 1125 movetur.
683 1070 783 1125 Nec
814 1081 944 1124 ullum
975 1086 1138 1140 tempus
1169 1088 1258 1137 est,
1290 1098 1370 1139 quo
1402 1086 1533 1141 primo
1565 1082 1792 1138 quidquam
1823 1082 2041 1123 consistat.
2102 1080 2201 1124 Nec

265 1156 410 1194 exstat
449 1154 567 1208 quies
602 1155 683 1194 nisi
729 1155 772 1194 in
811 1158 1020 1210 tempore,
1067 1168 1146 1195 nec
1192 1159 1372 1211 tempus,
1425 1169 1506 1209 quo
1556 1156 1689 1210 primo
1735 1152 1955 1207 quidquam
2000 1154 2200 1207 quiescat.

263 1222 487 1278 Siquidem
517 1224 562 1265 id
594 1226 814 1279 quiescere
840 1238 945 1266 vere
973 1224 1172 1278 dicimus,
1211 1225 1323 1280 quod
1353 1228 1409 1267 sit
1439 1238 1516 1282 per
1546 1223 1669 1281 plura
1697 1225 1897 1281 temporis
1927 1228 2130 1266 momenta
2160 1225 2200 1265 in

262 1295 413 1338 eodem
443 1300 487 1337 et
515 1298 649 1352 ipsum
680 1300 725 1337 et
756 1297 850 1351 ejus
880 1301 1045 1352 parteS,
1077 1296 1121 1338 id
1151 1296 1264 1352 quod
1295 1301 1489 1340 movetur
1517 1300 1694 1339 eatenus
1719 1301 1886 1339 nonest
1906 1297 2000 1337 sive
2024 1297 2201 1350 quiescit

262 1366 336 1409 vel
379 1368 421 1407 in
462 1368 594 1424 primo
635 1371 835 1423 tempore.
899 1366 1010 1408 Nam
1047 1367 1122 1410 vel
1162 1367 1246 1411 hoc
1287 1370 1460 1425 primum
1488 1372 1651 1424 tempus
1684 1367 1901 1409 dividuum
1931 1371 2016 1417 est,
2046 1369 2199 1408 move-

264 1443 414 1492 turque
472 1437 628 1480 mobile
682 1439 725 1478 in
770 1451 1016 1492 unaquaque
1070 1438 1212 1480 harum
1266 1439 1565 1497 particularum
1619 1441 1739 1496 primi
1786 1440 1994 1495 temporis.
2076 1435 2199 1487 Quod

264 1512 460 1551 movetur
505 1508 640 1550 solum
691 1513 758 1550 est
804 1510 845 1549 in
890 1508 1098 1551 absolutis
1136 1523 1266 1563 nunc,
1306 1508 1385 1553 sed
1419 1509 1502 1552 hoc
1537 1523 1636 1553 esse
1675 1523 1754 1553 nec
1796 1512 1913 1565 quies
1949 1522 2027 1550 nec
2065 1512 2201 1549 motus

264 1584 351 1630 est,
384 1591 555 1633 quorum
585 1582 763 1633 uterque
794 1592 878 1621 non
908 1579 1025 1622 cadit
1051 1582 1093 1621 in
1121 1580 1359 1623 absolutum
1391 1594 1500 1622 nunc
1527 1580 1580 1632 ⁶⁸).

1005 1661 1013 1681 ‚f

1001 1685 1006 1705 Ι

263 1763 305 1805 tox
338 1763 398 1809 ὅν,
433 1762 639 1803 οἷπολέλοιπε
673 1764 716 1803 τό
748 1763 798 1812 μή
835 1764 883 1802 ὅν.
934 1765 1035 1803 ἔσται
1070 1766 1141 1815 ἄρα
1167 1768 1202 1803 ἐν
1236 1769 1288 1814 ’τῷ
1312 1765 1406 1803 ὄντι·
1442 1769 1519 1803 πᾶν
1550 1765 1620 1815 γάρ
1655 1767 1790 1813 ἀνάγκη
1815 1763 1841 1809 ἢ
1861 1766 1949 1801 εἶναι
1977 1763 1999 1808 »f
2024 1763 2075 1810 μή
2101 1764 2198 1800 εἶναι.

262 1826 416 1875 φανερόν
442 1822 503 1863 οὖν
528 1826 584 1863 ὅτι
608 1829 644 1863 ἐν
671 1829 716 1879 τῇ
739 1825 816 1863 κατ’
840 1825 1034 1873 α’ντῖᾳιασιν
1058 1831 1235 1879 μεταβολῇ
1258 1826 1300 1864 td
1324 1826 1583 1875 μεταβεβληκὸς
1608 1827 1710 1865 ἔσται
1735 1826 1770 1862 ἔν
1798 1821 1825 1873 ᾧ
1850 1827 2116 1871 μεταβεβληκεν.
2169 1827 2200 1861 εἰ

262 1886 293 1924 δ’
318 1889 355 1924 ἕν
382 1887 516 1939 ταύτῃ»
544 1890 603 1923 καῖ
627 1889 665 1923 ἰν
692 1890 768 1929 ταῖς
793 1886 931 1929 ἄλλαις·
959 1888 1090 1934 ὁμοίως
1114 1887 1181 1937 γάρ
1208 1890 1266 1926 ἐπὶ
1290 1890 1379 1934 μιᾶς
1403 1890 1464 1925 καῖ
1491 1892 1564 1926 τοῖν
1591 1887 1704 1925 ἄλλων
1728 1902 1757 1923 κ.
1784 1903 1812 1923 τ.
1839 1891 1866 1922 λ.

364 1957 399 2001 2)
435 1958 553 2005 Phys.
589 1958 659 2005 VI,
694 1958 730 1993 5.
783 1957 827 1995 ου’
850 1956 920 2007 γιῖρ
960 1959 1059 1996 ἔστιν
1086 1956 1182 2008 α’ρχή
1206 1960 1422 2005 μεταβολῆς,
1459 1957 1537 1997 οὔδ’
1561 1960 1598 1996 ἕν
1625 1954 1652 2007 ᾧ
1679 1958 1809 2006 πρώτῳ
1845 1958 1910 1993 τοῦ
1933 1954 2068 2006 χρόνου
2094 1958 2199 2002 μετέ-

261 2023 388 2065 βαλλεν
415 2033 445 2054 κ.
472 2036 502 2056 τ.
529 2022 556 2054 λ.
607 2017 654 2054 ib.
681 2018 762 2054 eod.
790 2016 872 2055 ου’δέ
897 2017 942 2063 δή
976 2021 1045 2056 τοῦ
1067 2020 1368 2067 μεταβεβληκότος
1401 2021 1479 2056 ἐστι’
1501 2036 1537 2055 τι
1563 2022 1707 2067 πρῶτον
1733 2018 1755 2053 ὂ
1778 2019 2032 2063 μεταβέβληκεν
2060 2032 2091 2052 κ.
2118 2032 2147 2052 τ.
2171 2021 2218 2052 λ.“
2254 2061 2262 2072 ·

261 2078 378 2128 Phys.
405 2077 476 2127 VI,
503 2077 539 2115 6.
582 2075 673 2113 ὥστε
695 2075 837 2125 α’νᾶγκη
869 2074 918 2114 tos
935 2079 1195 2126 μεταβεβληκός
1226 2081 1460 2126 μεταβάλλειν
1496 2082 1556 2116 καί
1582 2078 1624 2115 τό
1648 2080 1864 2125 μεταβάλλον
1889 2077 2198 2124 μεταβεβληκέναι,

261 2143 320 2175 καὶ
352 2139 430 2176 ἔστι
464 2139 530 2174 τοῦ
562 2140 626 2183 μὲν
659 2140 888 2184 μεταβάλλειν
924 2138 965 2176 to*
991 2141 1287 2187 μεταβεβληκάιαι
1313 2140 1508 2189 πρότερον,
1547 2140 1615 2177 τοῦ
1638 2141 1674 2176 δὲ
1710 2140 1999 2186 μεταβεβληκέναι
2024 2135 2064 2172 τὸ
2090 2149 2199 2182 μετα-

260 2201 423 2246 βάλλειν,
448 2201 507 2235 καὶ
532 2195 696 2235 ου’δέποτε
720 2200 946 2246 ληφθήσεται
971 2198 1013 2237 zo*
1046 2203 1196 2248 πρῶτον.
1246 2203 1359 2239 αἴτιον
1395 2203 1432 2238 δὲ
1468 2199 1596 2239 τούτου
1632 2198 1671 2235 τό
1697 2199 1746 2244 μή
1770 2200 1859 2235 εἶναι
1887 2198 2014 2245 α’μερές
2041 2196 2199 2243 οἷμὲρῡῦς

261 2261 448 2310 ἐχόμενον·
480 2258 535 2297 ἐπ’
569 2257 719 2307 ἄπειρον
752 2259 822 2309 7029
863 2260 885 2304 ἤ
923 2262 1114 2309 διαίρεσις,
1153 2259 1320 2310 καθάπερ
1357 2263 1415 2298 ἐπὶ
1447 2263 1520 2298 τῶν
1543 2257 1788 2304 αὐξανομένων
1824 2262 1880 2296 καὶ
1903 2258 2199 2305 καθαιρουμένων

261 2323 443 2372 γραμμῶν.
493 2321 648 2369 φανερόν
684 2317 750 2357 οὖν
775 2320 831 2358 ὅτι
853 2323 914 2357 καὶ
949 2319 990 2358 τό
1015 2321 1157 2371 γεγονός
1182 2319 1324 2371 α’νοῖγκη
1348 2324 1512 2370 γίνεσθαι
1546 2317 1715 2371 πρότερον
1740 2323 1798 2358 καὶ
1823 2319 1863 2358 τό
1889 2320 2077 2369 γινόμενον
2099 2331 2199 2367 γεγο-

262 2385 357 2420 νέναι
382 2398 414 2421 κ.
440 2399 470 2420 τ.
496 2386 525 2419 λ.

359 2454 393 2499 3)
419 2453 537 2502 Phys.
562 2452 633 2502 VI,
659 2453 696 2490 7.

361 2525 396 2570 ⁴)
421 2524 539 2574 Phys.
567 2524 637 2573 Vl,
663 2524 699 2560 8.
750 2520 890 2571 οἷνοίγκη
926 2520 965 2559 τό
992 2519 1178 2571 ἱστάμενον
1203 2524 1261 2562 ὅτε
1287 2529 1429 2561 ἵσταται
1453 2526 1648 2560 κινεῖσθαι·
1675 2525 1708 2559 εἰ
1731 2520 1801 2571 7029
1826 2519 1878 2569 μή
1904 2523 2069 2564 κινεῖται,
2111 2519 2199 2568 η’ρε-

261 2581 382 2629 μήσει·
418 2584 491 2623 ἀλλ’
515 2582 581 2623 οὐκ
607 2585 784 2634 ἐνδέχεται
813 2581 1044 2632 ἠρεμίζεσθαι
1068 2584 1111 2622 to*
1136 2585 1296 2634 ἠρεμοῦν.
1346 2585 1478 2622 τούτου
1503 2582 1535 2621 δ’
1557 2583 1850 2631 ἀποδεδειγμένου
1876 2581 2030 2632 φανερόν
2055 2582 2112 2620 ὅτι
2138 2584 2200 2619 καῖ

1698 2644 1774 2687 ,με
