2546 3184
1244 72 1306 118 10

301 206 383 248 lum
414 208 602 259 quartum
632 209 796 247 restare
828 208 1013 258 censuit,
1052 208 1099 248 ut
1140 206 1263 250 locus
1293 208 1350 248 sit
1386 211 1617 250 extremum
1647 219 1724 250 seu
1755 206 1849 249 finis
1880 209 2073 265 corporis
2101 209 2243 253 conti-

299 278 434 320 nentis
483 276 686 331 aequalis.
764 273 1018 319 Continetur
1067 291 1175 321 vero
1220 278 1264 320 id
1305 291 1480 335 corpus,
1522 276 1636 333 quod
1679 277 1841 321 latione
1882 282 2027 336 potest
2066 280 2243 324 moveri.

298 348 453 402 Neque
492 361 599 390 vero
643 350 703 389 ita
733 350 912 404 spatium
952 349 1272 406 intelligendum
1300 354 1386 402 est,
1425 354 1469 390 ut
1500 351 1557 390 sit
1602 361 1781 390 vacuum
1811 351 1907 392 sive
1945 351 2088 402 inane,
2128 349 2244 406 quod

298 432 395 462 esse
437 432 520 461 non
561 432 690 476 posse
731 419 871 461 multis
914 419 1223 463 demonstratur
1272 422 1540 477 argumentis.
1614 419 1726 462 Hinc
1772 419 1965 461 mundum
2012 419 2243 465 Aristoteli

299 491 499 531 continuo
543 489 754 545 impletum
800 503 898 533 esse
935 491 1077 533 facilis
1116 496 1183 534 est
1229 494 1497 533 existimatio.
1559 489 1713 532 Partes
1751 490 1866 532 coeli
1905 492 1932 531 i.
1962 504 1999 532 e.
2030 489 2171 532 mundi
2199 493 2244 533 in

297 561 437 617 spatio
468 564 577 613 sunt,
596 558 783 613 ¹mundus
815 562 907 618 ipse
936 577 1019 606 non
1051 565 1172 616 item,
1202 562 1305 605 nihil
1334 564 1441 607 enim
1472 562 1691 605 continens
1721 564 1846 604 extra
1877 574 1970 604 eum
1999 566 2077 604 est.
2122 558 2242 606 Coe-

298 631 382 674 lum
408 645 516 673 vero
549 633 682 688 ipsum
714 627 920 687 quatenus
951 640 1145 678 movetur
1175 650 1340 677 suarum
1371 636 1545 692 partium
1571 635 1749 691 spatium
1777 636 1856 685 est,
1887 646 1980 673 nam
2010 635 2052 674 in
2078 632 2242 678 circulo

299 716 421 744 unum
448 703 626 745 alterum
656 706 857 746 continet.
902 705 1040 762 Igitur
1068 719 1248 763 superae
1279 706 1404 749 modo
1432 711 1576 764 partes
1607 705 1769 748 circulo
1797 703 1997 746 feruntur.
2051 702 2244 760 Spatium

299 773 480 828 denique
513 790 595 816 non
629 780 695 817 est
724 775 924 827 mundus,
956 777 1034 819 sed
1065 777 1225 831 aliquid
1255 777 1416 830 mundi,
1458 784 1671 820 extremus
1704 781 1748 819 et
1779 774 1999 815 immobilis
2027 774 2143 827 finis,
2174 778 2244 830 qui

299 859 482 902 corpora
516 848 653 902 tangit
685 846 858 889 mobilia
891 846 942 900 ⁷).

427 915 618 972 Tempus
650 929 772 971 quum
803 931 882 960 nec
914 919 968 958 sit
999 921 1156 970 motus,
1185 931 1265 961 nec
1297 919 1388 960 sine
1419 922 1552 970 motu,
1580 915 1741 971 aliquid
1771 920 1907 959 motus
1935 928 2031 958 esse
2056 918 2239 972 oportet.

300 985 558 1029 Extensioni
601 1001 723 1041 quum
765 1002 813 1029 se
845 989 1030 1045 applicet
1073 994 1208 1030 motus
1250 994 1293 1031 et
1335 993 1520 1045 tempus,
1566 988 1743 1029 alterum
1784 987 1986 1044 deinceps
2019 987 2072 1028 ab
2104 986 2243 1029 altero

302 1060 466 1113 excipit
499 1057 544 1096 τὸ
577 1061 693 1113 prius
726 1063 769 1099 et
801 1062 1031 1114 posterius,
1068 1059 1181 1112 quod
1223 1062 1394 1115 primum
1425 1073 1501 1114 per
1537 1072 1584 1100 se
1615 1060 1657 1098 in
1690 1060 1941 1099 extensione
1978 1062 2056 1098 est.
2119 1056 2246 1107 Quod

298 1126 372 1169 ubi
405 1128 643 1184 cogitamus
675 1127 887 1170 diversum
923 1128 1095 1171 diverso
1126 1131 1376 1186 interposito
1418 1128 1571 1180 medio,
1600 1132 1644 1170 et
1675 1130 1761 1179 sic,
1803 1132 1848 1169 ut
1880 1129 1937 1169 ait
1969 1126 2245 1179 Aristoteles,

301 1196 388 1241 duo
420 1210 530 1241 nunc
562 1198 713 1242 effatur
741 1200 917 1251 animus,
948 1213 1069 1241 unuln
1102 1201 1309 1253 anterius,
1336 1199 1513 1244 alterum
1544 1200 1775 1257 posterius,
1815 1202 1899 1240 tum
1936 1196 2110 1241 dicimus
2138 1200 2247 1241 tem·-

299 1282 379 1325 pus
412 1282 521 1310 esse.
586 1267 868 1310 Constituitur
893 1271 1022 1325 igitur
1054 1274 1214 1327 tempus
1246 1271 1404 1322 tribus,
1435 1283 1512 1328 per
1541 1268 1588 1309 τὸ
1616 1274 1738 1321 ante,
1780 1281 1857 1327 per
1882 1267 1929 1308 τὸ
1960 1274 2057 1326 post
2088 1279 2247 1326 perque

300 1355 424 1381 unum
456 1340 717 1394 eundemque
748 1344 960 1395 utriusque
990 1341 1169 1383 medium
1198 1342 1342 1395 finem,
1370 1357 1488 1397 quem
1516 1343 1685 1397 proprie
1715 1354 1919 1382 vocamus
1950 1353 2070 1381 nunc.
2130 1338 2247 1380 Illud

403 1562 436 1602 7)
462 1560 580 1608 Phys.
608 1561 677 1608 IV,
710 1562 744 1596 4.
773 1563 911 1609 πρῶτον
937 1566 999 1609 μὲν
1033 1561 1096 1600 οὖν
1129 1566 1186 1600 δεῖ
1207 1564 1428 1610 κατανοῆσαι
1466 1562 1520 1600 ὅτι
1555 1562 1619 1599 οὔκ
1652 1561 1695 1598 ἂν
1732 1561 1887 1607 ἐζητεῖτο
1922 1560 1940 1596 ὁ
1975 1560 2105 1602 τόπος,
2140 1563 2173 1596 εἰ
2194 1558 2246 1607 μή

301 1625 435 1668 κίνησίς
462 1636 514 1662 τις
542 1619 584 1667 ἦν
612 1622 633 1667 ἡ
663 1622 754 1657 naz-02
782 1623 910 1659 τόπον·
948 1624 1005 1659 δια1
1037 1623 1100 1670 γάρ
1138 1624 1247 1659 τοῦτο
1276 1629 1333 1659 και
1360 1624 1422 1660 τόν
1456 1623 1604 1670 σι’·ρανόν
1630 1622 1770 1668 μάλιστ’
1803 1621 1958 1667 οἰόμεθα
1985 1626 2021 1657 ἑν
2049 1620 2163 1664 τόπῳ,
2189 1619 2248 1656 ὅτι

301 1681 357 1718 ἀεὶ
380 1686 416 1717 ἐν
443 1681 585 1727 κινήσει.
638 1682 684 1715 ib.
710 1681 788 1717 eod.
817 1683 884 1729 ἤδη
913 1686 1028 1719 τοίνυν
1057 1683 1209 1731 ‹parreia›
1245 1688 1283 1719 ἐκ
1308 1683 1443 1719 τούτων
1471 1687 1506 1719 τί
1531 1688 1606 1719 ἐστι
1635 1684 1653 1719 ὁ
1685 1683 1810 1723 τόπος.
1849 1681 1973 1730 σχεδόν
2002 1679 2066 1728 γάρ
2095 1679 2250 1727 τέτταρά

303 1747 398 1778 ἐστιν
425 1740 473 1776 ὧν
501 1741 635 1787 ἀνάγκη
664 1742 725 1778 τόν
753 1742 862 1778 τόπον
889 1744 924 1778 ἔν
943 1757 976 1778 τι
1005 1745 1107 1779 εἶναι·
1136 1744 1156 1790 ἢ
1189 1743 1254 1791 γοὶρ
1280 1743 1398 1790 μορφή
1426 1742 1448 1789 η’
1477 1743 1543 1788 ὕλη
1561 1743 1582 1789 ἢ
1602 1742 1777 1789 διάστημά
1796 1757 1829 1778 τι
1851 1741 1891 1779 τό
1910 1741 2042 1787 μεταξύ
2060 1741 2130 1777 τῶν
2147 1740 2249 1788 ἐσχά-

300 1818 392 1846 των,
422 1800 444 1848 ἢ
472 1800 517 1838 τοὶ
544 1801 693 1849 ἔσχατα,
729 1807 761 1839 εἰ
785 1803 832 1850 μή
868 1808 941 1840 ἐστι
965 1807 1073 1852 μηδὲν
1111 1805 1290 1852 διάστημα
1324 1803 1419 1850 παρὰ
1459 1803 1500 1841 τό
1533 1804 1598 1841 τοῖ’
1625 1807 1848 1852 ἐγγινομένου
1886 1802 2050 1849 σώματος
2081 1806 2250 1850 μέγεθος.

301 1863 439 1900 τούτων
476 1862 504 1898 δ’
546 1861 600 1899 ὅτι
640 1863 703 1898 οὐκ
737 1867 911 1911 ἐνδέχεται
945 1863 989 1900 τοὶ
1026 1868 1105 1912 τριά
1145 1866 1253 1909 εἶναι,
1290 1864 1443 1913 φανερόν
1478 1879 1508 1901 κ.
1532 1879 1565 1902 τ.
1594 1867 1625 1900 λ.
1665 1868 1697 1901 εἰ
1721 1866 1839 1901 τοίνυν
1864 1865 1972 1909 μηδὲν
2000 1863 2070 1899 τῶν
2097 1863 2202 1910 τριῶν
2229 1862 2249 1900 ὁ

301 1923 414 1965 τόπος
449 1927 543 1967 ἐστι’,
584 1923 672 1970 μήτε
709 1923 750 1961 τό
778 1926 888 1968 εἶδος,
924 1926 1012 1971 μήτε
1049 1926 1071 1972 ἡ
1100 1926 1181 1972 ὕλη,
1208 1926 1296 1972 μήτε
1324 1925 1500 1971 διάστημά
1527 1940 1560 1962 τι
1587 1926 1640 1962 ἀεὶ
1668 1925 1823 1971 ὑπάρχον
1851 1924 1971 1970 ἕτερον
1997 1920 2093 1969 παρά
2119 1920 2161 1959 τὸ
2184 1922 2251 1959 τοῦ

302 1982 511 2031 πράγματος
534 1983 603 2019 τοῦ
629 1987 913 2028 μεθισταμένου,
943 1984 1077 2032 ἀνάγκη
1097 1983 1159 2022 τόν
1190 1985 1302 2021 τόπον
1328 1985 1415 2021 εἶναι
1442 1982 1481 2021 τὸ
1510 1981 1635 2020 λοιπόν
1660 1983 1729 2020 τῶν
1756 1982 1954 2029 τεσσάρων,
1982 1979 2024 2018 τό
2050 1985 2158 2029 πέρας
2184 1980 2252 2018 τοῦ

301 2049 527 2092 περιέχοντος
555 2045 727 2089 σώματος.
778 2048 866 2092 λέγω
893 2049 929 2081 δὲ
965 2045 1006 2081 τό
1034 2047 1278 2094 περιεχόμενον
1307 2047 1406 2091 σῶμα
1432 2049 1472 2081 τό
1500 2043 1641 2090 κινητόν
1668 2042 1760 2079 κατοὶ
1786 2044 1899 2091 φοροίν
1926 2070 2065 2078 ......
2119 2043 2194 2078 ἔστι
2220 2045 2250 2077 δ’

300 2105 419 2152 ὥσπερ
448 2103 490 2142 τό
518 2105 658 2152 ἀγγεῖον
695 2105 805 2147 τόπος
841 2107 1101 2153 μεταφορετός,
1142 2108 1236 2144 οὕτω
1267 2112 1324 2143 καὶ
1360 2107 1378 2142 ὁ
1415 2106 1525 2147 τόπος
1560 2106 1699 2152 ἀγγεῖον
1738 2104 1995 2150 ἀμετακίνητον
2013 2130 2128 2140 .....
2155 2105 2255 2140 δοκεῖ

301 2166 472 2205 ἐπίπεδόν
499 2180 532 2202 τι
559 2167 646 2203 εἶναι
674 2171 731 2203 καὶ
758 2166 831 2204 οἷον
861 2167 1000 2215 ἀγγεῖον
1030 2168 1048 2205 ὁ
1073 2168 1184 2210 τόπος
1213 2173 1270 2204 καὶ
1299 2171 1468 2215 περιέχον.
1503 2167 1554 2204 ἔτι
1579 2164 1653 2212 ἅμα
1680 2164 1733 2210 τῷ
1758 2163 1935 2212 πράγματι
1964 2163 1981 2199 ὁ
2014 2163 2143 2206 τόπος·
2177 2162 2253 2210 ἅμα

301 2225 369 2275 γάρ
395 2228 446 2271 τῷ
473 2232 724 2273 πεπερασμένῳ
752 2226 796 2262 ‘ra'
824 2233 967 2273 πέρατα.
1020 2228 1137 2275 Phys.
1168 2228 1239 2275 lv,
1266 2227 1301 2262 5.
1341 2226 1369 2272 ᾧ
1393 2231 1455 2273 μὲν
1483 2224 1546 2263 οὖν
1580 2226 1715 2272 σώματι
1740 2226 1814 2262 ἔστι
1833 2239 1867 2261 τι
1894 2222 1996 2266 ἐκτός
2023 2225 2123 2270 σῶμα
2149 2236 2246 2270 περι·

301 2292 380 2335 ἔχον
410 2287 521 2330 αὐτό,
550 2287 661 2323 τοῦτο’
689 2292 782 2323 ἐστιν
810 2293 845 2323 ἐν
873 2289 981 2333 τόπῳ.
1023 2286 1051 2333 ᾦ
1075 2292 1112 2324 δὲ
1139 2289 1208 2334 μή,
1237 2289 1281 2324 οὔ
1298 2316 1432 2323 ......
1466 2288 1484 2324 ὁ
1508 2287 1537 2323 δ’
1566 2285 1792 2333 οὖρανός..,
1827 2286 1870 2321 οὔ
1896 2300 1965 2321 που
1997 2283 2084 2324 ὅλος
2110 2281 2187 2319 οὐδ’
2209 2281 2246 2318 ἔν

301 2361 370 2384 τινι
407 2346 507 2392 τόπῳ
547 2350 662 2391 ἐστίν,
695 2346 763 2395 εἴγε
800 2350 907 2394 μηδὲν
944 2346 1054 2385 αὐτόν
1082 2352 1230 2396 περιέχει
1256 2348 1365 2394 σῶμα.
1410 2347 1460 2395 ἐφ’
1489 2344 1517 2392 ᾦ
1544 2349 1581 2383 δὲ
1609 2353 1775 2389 κινεῖται,
1807 2345 1919 2394 ταύτῃ
1950 2348 2007 2382 καὶ
2034 2342 2146 2384 τόπος
2172 2345 2248 2379 ἐστὶ

302 2415 377 2448 τοῖς
401 2410 556 2453 μορίοις·
584 2408 704 2453 ἕτερον
731 2406 796 2455 γάρ
824 2413 944 2455 ἑτέρου
974 2409 1136 2456 ἐχόμενον
1172 2409 1241 2444 τῶν
1268 2411 1398 2454 μορίων
1426 2410 1520 2443 ἐστίν
1538 2434 1649 2442 .....
1681 2405 1726 2442 τά
1754 2405 1818 2454 γοὶρ
1851 2406 1957 2453 μόρια
1983 2409 2019 2440 ἐν
2046 2403 2147 2447 τόπῳ
2173 2415 2248 2444 πως

301 2466 438 2503 πάντα·
465 2472 522 2503 ἐπὶ
551 2469 602 2511 τῷ
628 2469 746 2512 κύκλῳ
774 2468 839 2515 γάρ
863 2474 1009 2516 περιέχει
1036 2470 1126 2505 ἄλλο
1154 2470 1256 2505 ἄλλο.
1297 2467 1352 2505 διδ
1379 2478 1523 2505 κινεῖται
1547 2471 1609 2514 μὲν
1636 2468 1754 2512 κύκλῳ
1783 2467 1825 2504 τό
1851 2468 1943 2510 ἄνω,
1978 2463 2021 2501 τό
2043 2467 2080 2500 δὲ
2107 2463 2177 2501 πᾶν
2203 2463 2249 2500 οὔ

302 2541 372 2563 που
391 2553 502 2563 .....
531 2528 607 2564 ἔστι
633 2528 662 2564 δ’
690 2530 708 2563 ὁ
737 2528 848 2569 τόπος
874 2529 937 2577 οὐχ
963 2529 981 2565 ὁ
1011 2530 1181 2577 οὐρανός,
1224 2527 1317 2566 ἄλλα
1346 2530 1410 2565 τοῦ
1442 2529 1597 2575 οὐρανοῦ
1635 2543 1668 2564 τι
1695 2525 1738 2564 τό
1765 2528 1913 2574 ἔσχατον
1952 2530 2009 2561 καὶ
2047 2523 2248 2571 ἁπτόμενον

302 2587 370 2624 τοῦ
395 2589 541 2635 κινητοῦ
567 2588 732 2634 σώματος
760 2593 869 2635 πέρας
894 2590 1057 2637 ἠρεμοῦν.
1109 2591 1167 2627 De
1190 2601 1310 2627 vacuo
1337 2589 1532 2637 disputatio
1558 2589 1759 2626 continetur
1783 2587 1899 2633 Phys.
1928 2585 2000 2633 IV,
2023 2583 2134 2620 6-9.
